%YAML 1.1
%TAG !u! tag:unity3d.com,2011:
--- !u!1 &1815585504
GameObject:
  m_ObjectHideFlags: 0
  m_CorrespondingSourceObject: {fileID: 0}
  m_PrefabInstance: {fileID: 0}
  m_PrefabAsset: {fileID: 0}
  serializedVersion: 6
  m_Component:
  - component: {fileID: 1815585505}
  - component: {fileID: 1815585507}
  - component: {fileID: 1815585506}
  m_Layer: 0
  m_Name: AmbientOphanimAudio
  m_TagString: Untagged
  m_Icon: {fileID: 0}
  m_NavMeshLayer: 0
  m_StaticEditorFlags: 0
  m_IsActive: 1
--- !u!4 &1815585505
Transform:
  m_ObjectHideFlags: 0
  m_CorrespondingSourceObject: {fileID: 0}
  m_PrefabInstance: {fileID: 0}
  m_PrefabAsset: {fileID: 0}
  m_GameObject: {fileID: 1815585504}
  m_LocalRotation: {x: 0, y: 0, z: 0, w: 1}
  m_LocalPosition: {x: 0, y: 0, z: 0}
  m_LocalScale: {x: 1, y: 1, z: 1}
  m_Children: []
  m_Father: {fileID: 1672090027298105666}
  m_RootOrder: 4
  m_LocalEulerAnglesHint: {x: 0, y: 0, z: 0}
--- !u!82 &1815585507
AudioSource:
  m_ObjectHideFlags: 0
  m_CorrespondingSourceObject: {fileID: 0}
  m_PrefabInstance: {fileID: 0}
  m_PrefabAsset: {fileID: 0}
  m_GameObject: {fileID: 1815585504}
  m_Enabled: 1
  serializedVersion: 4
  OutputAudioMixerGroup: {fileID: 0}
  m_audioClip: {fileID: 8300000, guid: 7f19c2394e9e101449eb64b3e359f85c, type: 3}
  m_PlayOnAwake: 1
  m_Volume: 0.1
  m_Pitch: 1
  Loop: 1
  Mute: 0
  Spatialize: 0
  SpatializePostEffects: 0
  Priority: 128
  DopplerLevel: 0
  MinDistance: 10
  MaxDistance: 200
  Pan2D: 0
  rolloffMode: 2
  BypassEffects: 0
  BypassListenerEffects: 0
  BypassReverbZones: 0
  rolloffCustomCurve:
    serializedVersion: 2
    m_Curve:
    - serializedVersion: 3
      time: 0
      value: 1.002037
      inSlope: 0
      outSlope: 0
      tangentMode: 0
      weightedMode: 0
      inWeight: 0
      outWeight: 0
    - serializedVersion: 3
      time: 0.21427155
      value: 0
      inSlope: -0.15150464
      outSlope: -0.15150464
      tangentMode: 0
      weightedMode: 0
      inWeight: 0.2562099
      outWeight: 0
    m_PreInfinity: 2
    m_PostInfinity: 2
    m_RotationOrder: 4
  panLevelCustomCurve:
    serializedVersion: 2
    m_Curve:
    - serializedVersion: 3
      time: 0
      value: 1
      inSlope: 0
      outSlope: 0
      tangentMode: 0
      weightedMode: 0
      inWeight: 0.33333334
      outWeight: 0.33333334
    m_PreInfinity: 2
    m_PostInfinity: 2
    m_RotationOrder: 4
  spreadCustomCurve:
    serializedVersion: 2
    m_Curve:
    - serializedVersion: 3
      time: 0.19377136
      value: 0
      inSlope: 0
      outSlope: 0
      tangentMode: 0
      weightedMode: 0
      inWeight: 0.33333334
      outWeight: 0.33333334
    m_PreInfinity: 2
    m_PostInfinity: 2
    m_RotationOrder: 4
  reverbZoneMixCustomCurve:
    serializedVersion: 2
    m_Curve:
    - serializedVersion: 3
      time: 0
      value: 1
      inSlope: 0
      outSlope: 0
      tangentMode: 0
      weightedMode: 0
      inWeight: 0.33333334
      outWeight: 0.33333334
    m_PreInfinity: 2
    m_PostInfinity: 2
    m_RotationOrder: 4
--- !u!82 &1815585506
AudioSource:
  m_ObjectHideFlags: 0
  m_CorrespondingSourceObject: {fileID: 0}
  m_PrefabInstance: {fileID: 0}
  m_PrefabAsset: {fileID: 0}
  m_GameObject: {fileID: 1815585504}
  m_Enabled: 1
  serializedVersion: 4
  OutputAudioMixerGroup: {fileID: 0}
  m_audioClip: {fileID: 8300000, guid: 4c89fc03451e55a49aa109922fdca223, type: 3}
  m_PlayOnAwake: 1
  m_Volume: 0.1
  m_Pitch: 1
  Loop: 1
  Mute: 0
  Spatialize: 0
  SpatializePostEffects: 0
  Priority: 128
  DopplerLevel: 0
  MinDistance: 15
  MaxDistance: 300
  Pan2D: 0
  rolloffMode: 2
  BypassEffects: 0
  BypassListenerEffects: 0
  BypassReverbZones: 0
  rolloffCustomCurve:
    serializedVersion: 2
    m_Curve:
    - serializedVersion: 3
      time: 0.05
      value: 1
      inSlope: -20.007967
      outSlope: -20.007967
      tangentMode: 0
      weightedMode: 0
      inWeight: 0
      outWeight: 0
    - serializedVersion: 3
      time: 0.1
      value: 0.5
      inSlope: -5.0019917
      outSlope: -5.0019917
      tangentMode: 0
      weightedMode: 0
      inWeight: 0
      outWeight: 0
    - serializedVersion: 3
      time: 0.2
      value: 0.25
      inSlope: -1.2504979
      outSlope: -1.2504979
      tangentMode: 0
      weightedMode: 0
      inWeight: 0
      outWeight: 0
    - serializedVersion: 3
      time: 0.4
      value: 0.125
      inSlope: -0.31262448
      outSlope: -0.31262448
      tangentMode: 0
      weightedMode: 0
      inWeight: 0
      outWeight: 0
    - serializedVersion: 3
      time: 0.69619447
      value: 0.011581421
      inSlope: -0.07815612
      outSlope: -0.07815612
      tangentMode: 0
      weightedMode: 0
      inWeight: 0
      outWeight: 0
    - serializedVersion: 3
      time: 1
      value: 0
      inSlope: -0.05001994
      outSlope: -0.05001994
      tangentMode: 0
      weightedMode: 0
      inWeight: 0
      outWeight: 0
    m_PreInfinity: 2
    m_PostInfinity: 2
    m_RotationOrder: 4
  panLevelCustomCurve:
    serializedVersion: 2
    m_Curve:
    - serializedVersion: 3
      time: 0
      value: 1
      inSlope: 0
      outSlope: 0
      tangentMode: 0
      weightedMode: 0
      inWeight: 0.33333334
      outWeight: 0.33333334
    m_PreInfinity: 2
    m_PostInfinity: 2
    m_RotationOrder: 4
  spreadCustomCurve:
    serializedVersion: 2
    m_Curve:
    - serializedVersion: 3
      time: 0
      value: 0
      inSlope: 0
      outSlope: 0
      tangentMode: 0
      weightedMode: 0
      inWeight: 0.33333334
      outWeight: 0.33333334
    m_PreInfinity: 2
    m_PostInfinity: 2
    m_RotationOrder: 4
  reverbZoneMixCustomCurve:
    serializedVersion: 2
    m_Curve:
    - serializedVersion: 3
      time: 0
      value: 1
      inSlope: 0
      outSlope: 0
      tangentMode: 0
      weightedMode: 0
      inWeight: 0.33333334
      outWeight: 0.33333334
    m_PreInfinity: 2
    m_PostInfinity: 2
    m_RotationOrder: 4
--- !u!1 &532357949250578136
GameObject:
  m_ObjectHideFlags: 0
  m_CorrespondingSourceObject: {fileID: 0}
  m_PrefabInstance: {fileID: 0}
  m_PrefabAsset: {fileID: 0}
  serializedVersion: 6
  m_Component:
  - component: {fileID: 2352379909788428094}
  m_Layer: 11
  m_Name: Look
  m_TagString: Untagged
  m_Icon: {fileID: 0}
  m_NavMeshLayer: 0
  m_StaticEditorFlags: 0
  m_IsActive: 1
--- !u!4 &2352379909788428094
Transform:
  m_ObjectHideFlags: 0
  m_CorrespondingSourceObject: {fileID: 0}
  m_PrefabInstance: {fileID: 0}
  m_PrefabAsset: {fileID: 0}
  m_GameObject: {fileID: 532357949250578136}
  m_LocalRotation: {x: 0, y: 0, z: 0, w: 1}
  m_LocalPosition: {x: 0, y: 0, z: 0}
  m_LocalScale: {x: 1, y: 1, z: 1}
  m_Children:
  - {fileID: 1442389061465845385}
  m_Father: {fileID: 1442389061586286797}
  m_RootOrder: 1
  m_LocalEulerAnglesHint: {x: 0, y: 0, z: 0}
--- !u!1 &1442389061465845384
GameObject:
  m_ObjectHideFlags: 0
  m_CorrespondingSourceObject: {fileID: 0}
  m_PrefabInstance: {fileID: 0}
  m_PrefabAsset: {fileID: 0}
  serializedVersion: 6
  m_Component:
  - component: {fileID: 1442389061465845385}
  m_Layer: 11
  m_Name: ShotPoint
  m_TagString: Untagged
  m_Icon: {fileID: 0}
  m_NavMeshLayer: 0
  m_StaticEditorFlags: 0
  m_IsActive: 1
--- !u!4 &1442389061465845385
Transform:
  m_ObjectHideFlags: 0
  m_CorrespondingSourceObject: {fileID: 0}
  m_PrefabInstance: {fileID: 0}
  m_PrefabAsset: {fileID: 0}
  m_GameObject: {fileID: 1442389061465845384}
  m_LocalRotation: {x: -0, y: -0, z: -1.8189894e-12, w: 1}
  m_LocalPosition: {x: 0, y: 0, z: 1}
  m_LocalScale: {x: 1, y: 1, z: 1}
  m_Children: []
  m_Father: {fileID: 2352379909788428094}
  m_RootOrder: 0
  m_LocalEulerAnglesHint: {x: 0, y: 0, z: 0}
--- !u!1 &1442389061586286835
GameObject:
  m_ObjectHideFlags: 0
  m_CorrespondingSourceObject: {fileID: 0}
  m_PrefabInstance: {fileID: 0}
  m_PrefabAsset: {fileID: 0}
  serializedVersion: 6
  m_Component:
  - component: {fileID: 1442389061586286797}
  - component: {fileID: 1442389061586286798}
  - component: {fileID: 1442389061586286833}
  - component: {fileID: 1442389061586286832}
  - component: {fileID: 7314411305426803469}
  - component: {fileID: 669539684}
  m_Layer: 11
  m_Name: Ophanim
  m_TagString: NPC
  m_Icon: {fileID: 0}
  m_NavMeshLayer: 0
  m_StaticEditorFlags: 0
  m_IsActive: 1
--- !u!4 &1442389061586286797
Transform:
  m_ObjectHideFlags: 0
  m_CorrespondingSourceObject: {fileID: 0}
  m_PrefabInstance: {fileID: 0}
  m_PrefabAsset: {fileID: 0}
  m_GameObject: {fileID: 1442389061586286835}
  m_LocalRotation: {x: 0, y: 0, z: 0, w: 1}
  m_LocalPosition: {x: 37.2, y: 6.2, z: -8.9}
  m_LocalScale: {x: 5, y: 5, z: 5}
  m_Children:
  - {fileID: 1672090027298105666}
  - {fileID: 2352379909788428094}
  m_Father: {fileID: 0}
  m_RootOrder: 0
  m_LocalEulerAnglesHint: {x: 0, y: 0, z: 0}
--- !u!135 &1442389061586286798
SphereCollider:
  m_ObjectHideFlags: 0
  m_CorrespondingSourceObject: {fileID: 0}
  m_PrefabInstance: {fileID: 0}
  m_PrefabAsset: {fileID: 0}
  m_GameObject: {fileID: 1442389061586286835}
  m_Material: {fileID: 0}
  m_IsTrigger: 0
  m_Enabled: 1
  serializedVersion: 2
  m_Radius: 0.6
  m_Center: {x: 0, y: 0, z: 0}
--- !u!114 &1442389061586286833
MonoBehaviour:
  m_ObjectHideFlags: 0
  m_CorrespondingSourceObject: {fileID: 0}
  m_PrefabInstance: {fileID: 0}
  m_PrefabAsset: {fileID: 0}
  m_GameObject: {fileID: 1442389061586286835}
  m_Enabled: 1
  m_EditorHideFlags: 0
  m_Script: {fileID: 11500000, guid: cbcc360b3aac9344f97385d3c1320825, type: 3}
  m_Name: 
  m_EditorClassIdentifier: 
  healthPoints: 500
  maxHealthPoints: 500
  damageResistanceFactor: 0
  team: 0
  moveSpeed: 15
  accelerationCoeff: 1
  Friction: 0.1
  visionRange: 50
  visionRangeWhileFollowing: 175
  projectilePrefab: {fileID: 3354799657391566821, guid: fe9ddba97f52fbe4099724ab4807f3fb, type: 3}
  prefireTelegraphPrefab: {fileID: 5758836856997873140, guid: 9d1dd5db40b2b7c40b37a6fc7bd6b709, type: 3}
  prefireDuration: 0.6
  look: {fileID: 2352379909788428094}
  projectileSpeed: 50
  shotInterval: 5
  burstInterval: 0.2
  burstsToFire: 3
  projectileSpread: 12
  firstShotIsPerfect: 1
  minDistanceToPlayer: 20
  minDistanceToOthers: 15
  collisionIncludes:
    serializedVersion: 2
    m_Bits: 2049
  shootClips:
  - {fileID: 8300000, guid: 810dba23f2cc14f41b8f8f877e016b8c, type: 3}
  - {fileID: 8300000, guid: cbeb7e9a428a1d74f8df9121037f9718, type: 3}
  - {fileID: 8300000, guid: 5bbd03b58fef58c4b91cd00a9d78d373, type: 3}
  - {fileID: 8300000, guid: 390c873f58b4d2841a19066ac5e9cb2e, type: 3}
  hurtClips:
  - {fileID: 8300000, guid: 87b09b8cd910f2745bd1b2328d24fc44, type: 3}
  - {fileID: 8300000, guid: d44743faff681aa43b836636b482be9f, type: 3}
  - {fileID: 8300000, guid: d571d75a9605cd34784b0de5cc5664a2, type: 3}
  - {fileID: 8300000, guid: 57bf5e971bac89847991cbc3e377c0d4, type: 3}
  - {fileID: 8300000, guid: 91728935c3642a14b8f4e873d178b57d, type: 3}
  - {fileID: 8300000, guid: d08a0c73d7b329b4d8b89179a586b914, type: 3}
  - {fileID: 8300000, guid: 77fcff5ac9079c8449e1508e49a67298, type: 3}
  - {fileID: 8300000, guid: 9948fec2528c00a4f9335ea12815676d, type: 3}
  - {fileID: 8300000, guid: 11a2f9741094d11498fe7a0c22d10881, type: 3}
  - {fileID: 8300000, guid: dd9c2011d7ecd8841af98e02f40a956b, type: 3}
  - {fileID: 8300000, guid: dd9c2011d7ecd8841af98e02f40a956b, type: 3}
  playerKillClips:
  - {fileID: 8300000, guid: e9fa36131a93c2c41b6178350ad24346, type: 3}
  killedClips:
  - {fileID: 8300000, guid: 630f30830bf91c348a8d3714b87ecb9f, type: 3}
  prefireSoundClip: {fileID: 8300000, guid: f1d2b75cb92557249ba2907c37a95a83, type: 3}
  playerSpottedClip: {fileID: 8300000, guid: e9fa36131a93c2c41b6178350ad24346, type: 3}
  songsOfPraise:
  - {fileID: 8300000, guid: fff08648548f5db4e8a03fef1bdca9c5, type: 3}
  - {fileID: 8300000, guid: 68f7ee6b2b139c74e8f2e7db527de6db, type: 3}
  - {fileID: 8300000, guid: 236ef304e69612d4c934af70c4cc7fea, type: 3}
  singChance: 0.2
  dissolvingMaterialMesh:
  - {fileID: 9154797242458584499}
  - {fileID: 236030524659792398}
  - {fileID: 4509348331178109675}
  rings:
  - {fileID: 2552406397527042057}
  - {fileID: 7177118320903138591}
  - {fileID: 2130199060545979699}
--- !u!54 &1442389061586286832
Rigidbody:
  m_ObjectHideFlags: 0
  m_CorrespondingSourceObject: {fileID: 0}
  m_PrefabInstance: {fileID: 0}
  m_PrefabAsset: {fileID: 0}
  m_GameObject: {fileID: 1442389061586286835}
  serializedVersion: 2
  m_Mass: 1
  m_Drag: 0
  m_AngularDrag: 0.05
  m_UseGravity: 0
  m_IsKinematic: 1
  m_Interpolate: 0
  m_Constraints: 0
  m_CollisionDetection: 0
--- !u!95 &7314411305426803469
Animator:
  serializedVersion: 3
  m_ObjectHideFlags: 0
  m_CorrespondingSourceObject: {fileID: 0}
  m_PrefabInstance: {fileID: 0}
  m_PrefabAsset: {fileID: 0}
  m_GameObject: {fileID: 1442389061586286835}
  m_Enabled: 1
  m_Avatar: {fileID: 0}
  m_Controller: {fileID: 9100000, guid: c7d66efee0234c747ae7bfb1fe3b0fb1, type: 2}
  m_CullingMode: 0
  m_UpdateMode: 0
  m_ApplyRootMotion: 0
  m_LinearVelocityBlending: 0
  m_WarningMessage: 
  m_HasTransformHierarchy: 1
  m_AllowConstantClipSamplingOptimization: 1
  m_KeepAnimatorControllerStateOnDisable: 0
--- !u!135 &669539684
SphereCollider:
  m_ObjectHideFlags: 0
  m_CorrespondingSourceObject: {fileID: 0}
  m_PrefabInstance: {fileID: 0}
  m_PrefabAsset: {fileID: 0}
  m_GameObject: {fileID: 1442389061586286835}
  m_Material: {fileID: 0}
  m_IsTrigger: 1
  m_Enabled: 1
  serializedVersion: 2
  m_Radius: 0.9
  m_Center: {x: 0, y: 0, z: 0}
--- !u!1 &2053542103981749240
GameObject:
  m_ObjectHideFlags: 0
  m_CorrespondingSourceObject: {fileID: 0}
  m_PrefabInstance: {fileID: 0}
  m_PrefabAsset: {fileID: 0}
  serializedVersion: 6
  m_Component:
  - component: {fileID: 1672090027298105666}
  m_Layer: 0
  m_Name: OphanimTest
  m_TagString: Untagged
  m_Icon: {fileID: 0}
  m_NavMeshLayer: 0
  m_StaticEditorFlags: 0
  m_IsActive: 1
--- !u!4 &1672090027298105666
Transform:
  m_ObjectHideFlags: 0
  m_CorrespondingSourceObject: {fileID: 0}
  m_PrefabInstance: {fileID: 0}
  m_PrefabAsset: {fileID: 0}
  m_GameObject: {fileID: 2053542103981749240}
  m_LocalRotation: {x: 0.7071068, y: 0, z: 0, w: 0.7071068}
  m_LocalPosition: {x: 0, y: 0, z: 0}
  m_LocalScale: {x: 1, y: 1, z: 1}
  m_Children:
  - {fileID: 2552406397527042057}
  - {fileID: 7177118320903138591}
  - {fileID: 2130199060545979699}
  - {fileID: 3905966547433447552}
  - {fileID: 1815585505}
  m_Father: {fileID: 1442389061586286797}
  m_RootOrder: 0
  m_LocalEulerAnglesHint: {x: 90, y: 0, z: 0}
--- !u!1 &3107482653827208481
GameObject:
  m_ObjectHideFlags: 0
  m_CorrespondingSourceObject: {fileID: 0}
  m_PrefabInstance: {fileID: 0}
  m_PrefabAsset: {fileID: 0}
  serializedVersion: 6
  m_Component:
  - component: {fileID: 7177118320903138591}
  - component: {fileID: 2365167946183457310}
  - component: {fileID: 4509348331178109675}
  m_Layer: 0
  m_Name: RingMiddle
  m_TagString: Untagged
  m_Icon: {fileID: 0}
  m_NavMeshLayer: 0
  m_StaticEditorFlags: 0
  m_IsActive: 1
--- !u!4 &7177118320903138591
Transform:
  m_ObjectHideFlags: 0
  m_CorrespondingSourceObject: {fileID: 0}
  m_PrefabInstance: {fileID: 0}
  m_PrefabAsset: {fileID: 0}
  m_GameObject: {fileID: 3107482653827208481}
  m_LocalRotation: {x: -0.7071068, y: 0, z: -0, w: 0.7071067}
  m_LocalPosition: {x: -0, y: 0, z: 0}
  m_LocalScale: {x: 24.679592, y: 24.679592, z: 24.679592}
  m_Children: []
  m_Father: {fileID: 1672090027298105666}
  m_RootOrder: 1
  m_LocalEulerAnglesHint: {x: 0, y: 0, z: 0}
--- !u!33 &2365167946183457310
MeshFilter:
  m_ObjectHideFlags: 0
  m_CorrespondingSourceObject: {fileID: 0}
  m_PrefabInstance: {fileID: 0}
  m_PrefabAsset: {fileID: 0}
  m_GameObject: {fileID: 3107482653827208481}
  m_Mesh: {fileID: 3500794170976655427, guid: 016c3b6b4079d1d4da73aceaddbe3cab, type: 3}
--- !u!23 &4509348331178109675
MeshRenderer:
  m_ObjectHideFlags: 0
  m_CorrespondingSourceObject: {fileID: 0}
  m_PrefabInstance: {fileID: 0}
  m_PrefabAsset: {fileID: 0}
  m_GameObject: {fileID: 3107482653827208481}
  m_Enabled: 1
  m_CastShadows: 1
  m_ReceiveShadows: 1
  m_DynamicOccludee: 1
  m_StaticShadowCaster: 0
  m_MotionVectors: 1
  m_LightProbeUsage: 1
  m_ReflectionProbeUsage: 1
  m_RayTracingMode: 2
  m_RayTraceProcedural: 0
  m_RenderingLayerMask: 1
  m_RendererPriority: 0
  m_Materials:
  - {fileID: 2100000, guid: 7bed0ec9df9893f4aaefb623815d485b, type: 2}
  m_StaticBatchInfo:
    firstSubMesh: 0
    subMeshCount: 0
  m_StaticBatchRoot: {fileID: 0}
  m_ProbeAnchor: {fileID: 0}
  m_LightProbeVolumeOverride: {fileID: 0}
  m_ScaleInLightmap: 1
  m_ReceiveGI: 1
  m_PreserveUVs: 0
  m_IgnoreNormalsForChartDetection: 0
  m_ImportantGI: 0
  m_StitchLightmapSeams: 1
  m_SelectedEditorRenderState: 3
  m_MinimumChartSize: 4
  m_AutoUVMaxDistance: 0.5
  m_AutoUVMaxAngle: 89
  m_LightmapParameters: {fileID: 0}
  m_SortingLayerID: 0
  m_SortingLayer: 0
  m_SortingOrder: 0
  m_AdditionalVertexStreams: {fileID: 0}
--- !u!95 &1749657694
Animator:
  serializedVersion: 3
  m_ObjectHideFlags: 0
  m_CorrespondingSourceObject: {fileID: 0}
  m_PrefabInstance: {fileID: 0}
  m_PrefabAsset: {fileID: 0}
  m_GameObject: {fileID: 3905966547433421984}
  m_Enabled: 1
  m_Avatar: {fileID: 0}
  m_Controller: {fileID: 9100000, guid: 103cca89f9ea56641ab1aa1338ed1d69, type: 2}
  m_CullingMode: 0
  m_UpdateMode: 0
  m_ApplyRootMotion: 0
  m_LinearVelocityBlending: 0
  m_WarningMessage: 
  m_HasTransformHierarchy: 1
  m_AllowConstantClipSamplingOptimization: 1
  m_KeepAnimatorControllerStateOnDisable: 0
--- !u!1 &5780804045275499597
GameObject:
  m_ObjectHideFlags: 0
  m_CorrespondingSourceObject: {fileID: 0}
  m_PrefabInstance: {fileID: 0}
  m_PrefabAsset: {fileID: 0}
  serializedVersion: 6
  m_Component:
  - component: {fileID: 2130199060545979699}
  - component: {fileID: 709839350182387085}
  - component: {fileID: 9154797242458584499}
  m_Layer: 0
  m_Name: RingOuter
  m_TagString: Untagged
  m_Icon: {fileID: 0}
  m_NavMeshLayer: 0
  m_StaticEditorFlags: 0
  m_IsActive: 1
--- !u!4 &2130199060545979699
Transform:
  m_ObjectHideFlags: 0
  m_CorrespondingSourceObject: {fileID: 0}
  m_PrefabInstance: {fileID: 0}
  m_PrefabAsset: {fileID: 0}
  m_GameObject: {fileID: 5780804045275499597}
  m_LocalRotation: {x: -0.7071068, y: 0, z: -0, w: 0.7071067}
  m_LocalPosition: {x: -0, y: 0, z: 0}
  m_LocalScale: {x: 30.686008, y: 30.686007, z: 30.686008}
  m_Children: []
  m_Father: {fileID: 1672090027298105666}
  m_RootOrder: 2
  m_LocalEulerAnglesHint: {x: 0, y: 0, z: 0}
--- !u!33 &709839350182387085
MeshFilter:
  m_ObjectHideFlags: 0
  m_CorrespondingSourceObject: {fileID: 0}
  m_PrefabInstance: {fileID: 0}
  m_PrefabAsset: {fileID: 0}
  m_GameObject: {fileID: 5780804045275499597}
  m_Mesh: {fileID: 2735223458429117298, guid: 016c3b6b4079d1d4da73aceaddbe3cab, type: 3}
--- !u!23 &9154797242458584499
MeshRenderer:
  m_ObjectHideFlags: 0
  m_CorrespondingSourceObject: {fileID: 0}
  m_PrefabInstance: {fileID: 0}
  m_PrefabAsset: {fileID: 0}
  m_GameObject: {fileID: 5780804045275499597}
  m_Enabled: 1
  m_CastShadows: 1
  m_ReceiveShadows: 1
  m_DynamicOccludee: 1
  m_StaticShadowCaster: 0
  m_MotionVectors: 1
  m_LightProbeUsage: 1
  m_ReflectionProbeUsage: 1
  m_RayTracingMode: 2
  m_RayTraceProcedural: 0
  m_RenderingLayerMask: 1
  m_RendererPriority: 0
  m_Materials:
  - {fileID: 2100000, guid: 7bed0ec9df9893f4aaefb623815d485b, type: 2}
  m_StaticBatchInfo:
    firstSubMesh: 0
    subMeshCount: 0
  m_StaticBatchRoot: {fileID: 0}
  m_ProbeAnchor: {fileID: 0}
  m_LightProbeVolumeOverride: {fileID: 0}
  m_ScaleInLightmap: 1
  m_ReceiveGI: 1
  m_PreserveUVs: 0
  m_IgnoreNormalsForChartDetection: 0
  m_ImportantGI: 0
  m_StitchLightmapSeams: 1
  m_SelectedEditorRenderState: 3
  m_MinimumChartSize: 4
  m_AutoUVMaxDistance: 0.5
  m_AutoUVMaxAngle: 89
  m_LightmapParameters: {fileID: 0}
  m_SortingLayerID: 0
  m_SortingLayer: 0
  m_SortingOrder: 0
  m_AdditionalVertexStreams: {fileID: 0}
--- !u!1 &7610281980338098154
GameObject:
  m_ObjectHideFlags: 0
  m_CorrespondingSourceObject: {fileID: 0}
  m_PrefabInstance: {fileID: 0}
  m_PrefabAsset: {fileID: 0}
  serializedVersion: 6
  m_Component:
  - component: {fileID: 2552406397527042057}
  - component: {fileID: 8075654578603255521}
  - component: {fileID: 236030524659792398}
  m_Layer: 0
  m_Name: RingInner
  m_TagString: Untagged
  m_Icon: {fileID: 0}
  m_NavMeshLayer: 0
  m_StaticEditorFlags: 0
  m_IsActive: 1
--- !u!4 &2552406397527042057
Transform:
  m_ObjectHideFlags: 0
  m_CorrespondingSourceObject: {fileID: 0}
  m_PrefabInstance: {fileID: 0}
  m_PrefabAsset: {fileID: 0}
  m_GameObject: {fileID: 7610281980338098154}
  m_LocalRotation: {x: -0.7071068, y: 0, z: -0, w: 0.7071067}
  m_LocalPosition: {x: -0, y: 0, z: 0}
  m_LocalScale: {x: 19.999998, y: 19.999998, z: 19.999998}
  m_Children: []
  m_Father: {fileID: 1672090027298105666}
  m_RootOrder: 0
  m_LocalEulerAnglesHint: {x: 0, y: 0, z: 0}
--- !u!33 &8075654578603255521
MeshFilter:
  m_ObjectHideFlags: 0
  m_CorrespondingSourceObject: {fileID: 0}
  m_PrefabInstance: {fileID: 0}
  m_PrefabAsset: {fileID: 0}
  m_GameObject: {fileID: 7610281980338098154}
  m_Mesh: {fileID: 3308083566504105210, guid: 016c3b6b4079d1d4da73aceaddbe3cab, type: 3}
--- !u!23 &236030524659792398
MeshRenderer:
  m_ObjectHideFlags: 0
  m_CorrespondingSourceObject: {fileID: 0}
  m_PrefabInstance: {fileID: 0}
  m_PrefabAsset: {fileID: 0}
  m_GameObject: {fileID: 7610281980338098154}
  m_Enabled: 1
  m_CastShadows: 1
  m_ReceiveShadows: 1
  m_DynamicOccludee: 1
  m_StaticShadowCaster: 0
  m_MotionVectors: 1
  m_LightProbeUsage: 1
  m_ReflectionProbeUsage: 1
  m_RayTracingMode: 2
  m_RayTraceProcedural: 0
  m_RenderingLayerMask: 1
  m_RendererPriority: 0
  m_Materials:
  - {fileID: 2100000, guid: 7bed0ec9df9893f4aaefb623815d485b, type: 2}
  m_StaticBatchInfo:
    firstSubMesh: 0
    subMeshCount: 0
  m_StaticBatchRoot: {fileID: 0}
  m_ProbeAnchor: {fileID: 0}
  m_LightProbeVolumeOverride: {fileID: 0}
  m_ScaleInLightmap: 1
  m_ReceiveGI: 1
  m_PreserveUVs: 0
  m_IgnoreNormalsForChartDetection: 0
  m_ImportantGI: 0
  m_StitchLightmapSeams: 1
  m_SelectedEditorRenderState: 3
  m_MinimumChartSize: 4
  m_AutoUVMaxDistance: 0.5
  m_AutoUVMaxAngle: 89
  m_LightmapParameters: {fileID: 0}
  m_SortingLayerID: 0
  m_SortingLayer: 0
  m_SortingOrder: 0
  m_AdditionalVertexStreams: {fileID: 0}
--- !u!1001 &1206626567162669777
PrefabInstance:
  m_ObjectHideFlags: 0
  serializedVersion: 2
  m_Modification:
    m_TransformParent: {fileID: 1672090027298105666}
    m_Modifications:
    - target: {fileID: 2777044872456292945, guid: 6ece8f556aba45b49b8d932641b0a7fe, type: 3}
      propertyPath: m_RootOrder
      value: 3
      objectReference: {fileID: 0}
    - target: {fileID: 2777044872456292945, guid: 6ece8f556aba45b49b8d932641b0a7fe, type: 3}
      propertyPath: m_LocalScale.x
      value: 0.2
      objectReference: {fileID: 0}
    - target: {fileID: 2777044872456292945, guid: 6ece8f556aba45b49b8d932641b0a7fe, type: 3}
      propertyPath: m_LocalScale.y
      value: 0.19999996
      objectReference: {fileID: 0}
    - target: {fileID: 2777044872456292945, guid: 6ece8f556aba45b49b8d932641b0a7fe, type: 3}
      propertyPath: m_LocalScale.z
      value: 0.19999996
      objectReference: {fileID: 0}
    - target: {fileID: 2777044872456292945, guid: 6ece8f556aba45b49b8d932641b0a7fe, type: 3}
      propertyPath: m_LocalPosition.x
      value: 0
      objectReference: {fileID: 0}
    - target: {fileID: 2777044872456292945, guid: 6ece8f556aba45b49b8d932641b0a7fe, type: 3}
      propertyPath: m_LocalPosition.y
      value: 0
      objectReference: {fileID: 0}
    - target: {fileID: 2777044872456292945, guid: 6ece8f556aba45b49b8d932641b0a7fe, type: 3}
      propertyPath: m_LocalPosition.z
      value: 0
      objectReference: {fileID: 0}
    - target: {fileID: 2777044872456292945, guid: 6ece8f556aba45b49b8d932641b0a7fe, type: 3}
      propertyPath: m_LocalRotation.w
      value: 0.7071068
      objectReference: {fileID: 0}
    - target: {fileID: 2777044872456292945, guid: 6ece8f556aba45b49b8d932641b0a7fe, type: 3}
      propertyPath: m_LocalRotation.x
      value: -0.7071068
      objectReference: {fileID: 0}
    - target: {fileID: 2777044872456292945, guid: 6ece8f556aba45b49b8d932641b0a7fe, type: 3}
      propertyPath: m_LocalRotation.y
      value: -0
      objectReference: {fileID: 0}
    - target: {fileID: 2777044872456292945, guid: 6ece8f556aba45b49b8d932641b0a7fe, type: 3}
      propertyPath: m_LocalRotation.z
      value: -0
      objectReference: {fileID: 0}
    - target: {fileID: 2777044872456292945, guid: 6ece8f556aba45b49b8d932641b0a7fe, type: 3}
      propertyPath: m_LocalEulerAnglesHint.x
      value: 0
      objectReference: {fileID: 0}
    - target: {fileID: 2777044872456292945, guid: 6ece8f556aba45b49b8d932641b0a7fe, type: 3}
      propertyPath: m_LocalEulerAnglesHint.y
      value: 0
      objectReference: {fileID: 0}
    - target: {fileID: 2777044872456292945, guid: 6ece8f556aba45b49b8d932641b0a7fe, type: 3}
      propertyPath: m_LocalEulerAnglesHint.z
      value: 0
      objectReference: {fileID: 0}
    - target: {fileID: 2777044872456328817, guid: 6ece8f556aba45b49b8d932641b0a7fe, type: 3}
      propertyPath: m_Name
      value: Evil Temple Orb
      objectReference: {fileID: 0}
    - target: {fileID: 2777044872475604657, guid: 6ece8f556aba45b49b8d932641b0a7fe, type: 3}
      propertyPath: m_Materials.Array.size
      value: 1
      objectReference: {fileID: 0}
    - target: {fileID: 2777044872475604659, guid: 6ece8f556aba45b49b8d932641b0a7fe, type: 3}
      propertyPath: m_Materials.Array.size
      value: 1
      objectReference: {fileID: 0}
    - target: {fileID: 2777044872475604667, guid: 6ece8f556aba45b49b8d932641b0a7fe, type: 3}
      propertyPath: m_Materials.Array.size
      value: 1
      objectReference: {fileID: 0}
    - target: {fileID: 2777044872475604671, guid: 6ece8f556aba45b49b8d932641b0a7fe, type: 3}
      propertyPath: m_Materials.Array.size
      value: 1
      objectReference: {fileID: 0}
    m_RemovedComponents: []
  m_SourcePrefab: {fileID: 100100000, guid: 6ece8f556aba45b49b8d932641b0a7fe, type: 3}
--- !u!1 &3905966547433421984 stripped
GameObject:
  m_CorrespondingSourceObject: {fileID: 2777044872456328817, guid: 6ece8f556aba45b49b8d932641b0a7fe, type: 3}
  m_PrefabInstance: {fileID: 1206626567162669777}
  m_PrefabAsset: {fileID: 0}
--- !u!4 &3905966547433447552 stripped
Transform:
  m_CorrespondingSourceObject: {fileID: 2777044872456292945, guid: 6ece8f556aba45b49b8d932641b0a7fe, type: 3}
  m_PrefabInstance: {fileID: 1206626567162669777}
  m_PrefabAsset: {fileID: 0}
