%YAML 1.1
%TAG !u! tag:unity3d.com,2011:
--- !u!1 &40844518761007797
GameObject:
  m_ObjectHideFlags: 0
  m_CorrespondingSourceObject: {fileID: 0}
  m_PrefabInstance: {fileID: 0}
  m_PrefabAsset: {fileID: 0}
  serializedVersion: 6
  m_Component:
  - component: {fileID: 4056655023113959988}
  - component: {fileID: 4955116350817338070}
  m_Layer: 11
  m_Name: CharModel
  m_TagString: Untagged
  m_Icon: {fileID: 0}
  m_NavMeshLayer: 0
  m_StaticEditorFlags: 0
  m_IsActive: 1
--- !u!4 &4056655023113959988
Transform:
  m_ObjectHideFlags: 0
  m_CorrespondingSourceObject: {fileID: 0}
  m_PrefabInstance: {fileID: 0}
  m_PrefabAsset: {fileID: 0}
  m_GameObject: {fileID: 40844518761007797}
  m_LocalRotation: {x: -0.7071068, y: 0, z: -0, w: 0.7071067}
  m_LocalPosition: {x: -0, y: 0, z: 0}
  m_LocalScale: {x: 100, y: 100, z: 100}
  m_Children: []
  m_Father: {fileID: 2834785267914326197}
  m_RootOrder: 1
  m_LocalEulerAnglesHint: {x: 0, y: 0, z: 0}
--- !u!137 &4955116350817338070
SkinnedMeshRenderer:
  m_ObjectHideFlags: 0
  m_CorrespondingSourceObject: {fileID: 0}
  m_PrefabInstance: {fileID: 0}
  m_PrefabAsset: {fileID: 0}
  m_GameObject: {fileID: 40844518761007797}
  m_Enabled: 1
  m_CastShadows: 1
  m_ReceiveShadows: 1
  m_DynamicOccludee: 1
  m_MotionVectors: 1
  m_LightProbeUsage: 1
  m_ReflectionProbeUsage: 1
  m_RayTracingMode: 3
  m_RayTraceProcedural: 0
  m_RenderingLayerMask: 1
  m_RendererPriority: 0
  m_Materials:
  - {fileID: 2100000, guid: d92ef32394b5f474385d74b565a7bdd7, type: 2}
  m_StaticBatchInfo:
    firstSubMesh: 0
    subMeshCount: 0
  m_StaticBatchRoot: {fileID: 0}
  m_ProbeAnchor: {fileID: 0}
  m_LightProbeVolumeOverride: {fileID: 0}
  m_ScaleInLightmap: 1
  m_ReceiveGI: 1
  m_PreserveUVs: 0
  m_IgnoreNormalsForChartDetection: 0
  m_ImportantGI: 0
  m_StitchLightmapSeams: 1
  m_SelectedEditorRenderState: 3
  m_MinimumChartSize: 4
  m_AutoUVMaxDistance: 0.5
  m_AutoUVMaxAngle: 89
  m_LightmapParameters: {fileID: 0}
  m_SortingLayerID: 0
  m_SortingLayer: 0
  m_SortingOrder: 0
  serializedVersion: 2
  m_Quality: 0
  m_UpdateWhenOffscreen: 0
  m_SkinnedMotionVectors: 1
  m_Mesh: {fileID: -2159915339102475472, guid: 4fede2c2d85c6a144bf980975745fed2, type: 3}
  m_Bones:
  - {fileID: 2897872882747069147}
  - {fileID: 5247720350573416921}
  - {fileID: 4109707393578684929}
  - {fileID: 6854308040726158599}
  - {fileID: 2317639881422864035}
  - {fileID: 4273994277241555405}
  - {fileID: 5295638721140053405}
  - {fileID: 4992941865356774945}
  - {fileID: 1315737129116951552}
  - {fileID: 8822203721025412823}
  - {fileID: 6404151932652420095}
  - {fileID: 3084869519617882118}
  - {fileID: 3296739978787529536}
  - {fileID: 5388591496201636251}
  - {fileID: 1868848807145634036}
  - {fileID: 821701157928863541}
  - {fileID: 4286978174644172147}
  - {fileID: 874698766758430187}
  - {fileID: 8188713362791671919}
  - {fileID: 1436087210909735183}
  - {fileID: 2273746368867354315}
  - {fileID: 745130701341526421}
  - {fileID: 2850515037256874037}
  - {fileID: 1815521365450092946}
  - {fileID: 5762779324924179996}
  - {fileID: 4109130879873953232}
  - {fileID: 2360348782406312492}
  - {fileID: 8598448650532443781}
  m_BlendShapeWeights: []
  m_RootBone: {fileID: 2897872882747069147}
  m_AABB:
    m_Center: {x: 9.313226e-10, y: -0.0034291744, z: -0.000007946277}
    m_Extent: {x: 0.019654326, y: 0.031175528, z: 0.0077244816}
  m_DirtyAABB: 0
--- !u!1 &66876067237822684
GameObject:
  m_ObjectHideFlags: 0
  m_CorrespondingSourceObject: {fileID: 0}
  m_PrefabInstance: {fileID: 0}
  m_PrefabAsset: {fileID: 0}
  serializedVersion: 6
  m_Component:
  - component: {fileID: 5247720350573416921}
  m_Layer: 11
  m_Name: KneeIKTarget.L
  m_TagString: Untagged
  m_Icon: {fileID: 0}
  m_NavMeshLayer: 0
  m_StaticEditorFlags: 0
  m_IsActive: 1
--- !u!4 &5247720350573416921
Transform:
  m_ObjectHideFlags: 0
  m_CorrespondingSourceObject: {fileID: 0}
  m_PrefabInstance: {fileID: 0}
  m_PrefabAsset: {fileID: 0}
  m_GameObject: {fileID: 66876067237822684}
  m_LocalRotation: {x: 0.00000009415697, y: 0.7071068, z: 0.7071067, w: 0.00000009415696}
  m_LocalPosition: {x: -0.0032055564, y: -0.013393748, z: 0.009060372}
  m_LocalScale: {x: 1, y: 0.9999997, z: 0.99999994}
  m_Children:
  - {fileID: 2594390224355991516}
  m_Father: {fileID: 2897872882747069147}
  m_RootOrder: 6
  m_LocalEulerAnglesHint: {x: -89.98021, y: 179.99998, z: 0}
--- !u!1 &460664298954094556
GameObject:
  m_ObjectHideFlags: 0
  m_CorrespondingSourceObject: {fileID: 0}
  m_PrefabInstance: {fileID: 0}
  m_PrefabAsset: {fileID: 0}
  serializedVersion: 6
  m_Component:
  - component: {fileID: 3109430224742715082}
  m_Layer: 11
  m_Name: GuanDaoMain
  m_TagString: Untagged
  m_Icon: {fileID: 0}
  m_NavMeshLayer: 0
  m_StaticEditorFlags: 0
  m_IsActive: 1
--- !u!4 &3109430224742715082
Transform:
  m_ObjectHideFlags: 0
  m_CorrespondingSourceObject: {fileID: 0}
  m_PrefabInstance: {fileID: 0}
  m_PrefabAsset: {fileID: 0}
  m_GameObject: {fileID: 460664298954094556}
  m_LocalRotation: {x: 0.4992098, y: -0.08678608, z: 0.86209774, w: -0.006736916}
  m_LocalPosition: {x: 0.012875465, y: -0.03268339, z: -0.019146241}
  m_LocalScale: {x: 1.0000001, y: 1.0000001, z: 1.0000001}
  m_Children:
  - {fileID: 843780159105129041}
  m_Father: {fileID: 3306904194856132185}
  m_RootOrder: 0
  m_LocalEulerAnglesHint: {x: 0, y: 0, z: 0}
--- !u!1 &522003770344690603
GameObject:
  m_ObjectHideFlags: 0
  m_CorrespondingSourceObject: {fileID: 0}
  m_PrefabInstance: {fileID: 0}
  m_PrefabAsset: {fileID: 0}
  serializedVersion: 6
  m_Component:
  - component: {fileID: 5295638721140053405}
  m_Layer: 11
  m_Name: Hand.L
  m_TagString: Untagged
  m_Icon: {fileID: 0}
  m_NavMeshLayer: 0
  m_StaticEditorFlags: 0
  m_IsActive: 1
--- !u!4 &5295638721140053405
Transform:
  m_ObjectHideFlags: 0
  m_CorrespondingSourceObject: {fileID: 0}
  m_PrefabInstance: {fileID: 0}
  m_PrefabAsset: {fileID: 0}
  m_GameObject: {fileID: 522003770344690603}
  m_LocalRotation: {x: -0.3580115, y: -0.3065464, z: 0.6749315, w: 0.5677363}
  m_LocalPosition: {x: -0, y: 0, z: 0}
  m_LocalScale: {x: 0.99999994, y: 0.9999998, z: 0.9999999}
  m_Children:
  - {fileID: 593971626029324555}
  m_Father: {fileID: 4273994277241555405}
  m_RootOrder: 0
  m_LocalEulerAnglesHint: {x: 0.41730645, y: -56.239067, z: 99.63749}
--- !u!1 &1181371524105489897
GameObject:
  m_ObjectHideFlags: 0
  m_CorrespondingSourceObject: {fileID: 0}
  m_PrefabInstance: {fileID: 0}
  m_PrefabAsset: {fileID: 0}
  serializedVersion: 6
  m_Component:
  - component: {fileID: 2897872882747069147}
  m_Layer: 11
  m_Name: Root
  m_TagString: Untagged
  m_Icon: {fileID: 0}
  m_NavMeshLayer: 0
  m_StaticEditorFlags: 0
  m_IsActive: 1
--- !u!4 &2897872882747069147
Transform:
  m_ObjectHideFlags: 0
  m_CorrespondingSourceObject: {fileID: 0}
  m_PrefabInstance: {fileID: 0}
  m_PrefabAsset: {fileID: 0}
  m_GameObject: {fileID: 1181371524105489897}
  m_LocalRotation: {x: 0.7071068, y: 0, z: 0, w: 0.7071067}
  m_LocalPosition: {x: -0, y: 0, z: 0}
  m_LocalScale: {x: 1, y: 1, z: 1}
  m_Children:
  - {fileID: 2317639881422864035}
  - {fileID: 6404151932652420095}
  - {fileID: 4109707393578684929}
  - {fileID: 1315737129116951552}
  - {fileID: 4273994277241555405}
  - {fileID: 3084869519617882118}
  - {fileID: 5247720350573416921}
  - {fileID: 4992941865356774945}
  - {fileID: 1868848807145634036}
  m_Father: {fileID: 8258897015968016133}
  m_RootOrder: 0
  m_LocalEulerAnglesHint: {x: 89.98021, y: 0, z: 0}
--- !u!1 &1267349640304190805
GameObject:
  m_ObjectHideFlags: 0
  m_CorrespondingSourceObject: {fileID: 0}
  m_PrefabInstance: {fileID: 0}
  m_PrefabAsset: {fileID: 0}
  serializedVersion: 6
  m_Component:
  - component: {fileID: 6404151932652420095}
  m_Layer: 11
  m_Name: ElbowIKTarget.R
  m_TagString: Untagged
  m_Icon: {fileID: 0}
  m_NavMeshLayer: 0
  m_StaticEditorFlags: 0
  m_IsActive: 1
--- !u!4 &6404151932652420095
Transform:
  m_ObjectHideFlags: 0
  m_CorrespondingSourceObject: {fileID: 0}
  m_PrefabInstance: {fileID: 0}
  m_PrefabAsset: {fileID: 0}
  m_GameObject: {fileID: 1267349640304190805}
  m_LocalRotation: {x: -0.7071068, y: 0, z: -0, w: 0.7071067}
  m_LocalPosition: {x: 0.010587828, y: 0.010156761, z: -0.013400266}
  m_LocalScale: {x: 1, y: 1, z: 1}
  m_Children:
  - {fileID: 1058612385978941349}
  m_Father: {fileID: 2897872882747069147}
  m_RootOrder: 1
  m_LocalEulerAnglesHint: {x: -89.98021, y: 0, z: 0}
--- !u!1 &1403225781783948769
GameObject:
  m_ObjectHideFlags: 0
  m_CorrespondingSourceObject: {fileID: 0}
  m_PrefabInstance: {fileID: 0}
  m_PrefabAsset: {fileID: 0}
  serializedVersion: 6
  m_Component:
  - component: {fileID: 5267236131342036830}
  m_Layer: 11
  m_Name: ForeArm.L_end
  m_TagString: Untagged
  m_Icon: {fileID: 0}
  m_NavMeshLayer: 0
  m_StaticEditorFlags: 0
  m_IsActive: 1
--- !u!4 &5267236131342036830
Transform:
  m_ObjectHideFlags: 0
  m_CorrespondingSourceObject: {fileID: 0}
  m_PrefabInstance: {fileID: 0}
  m_PrefabAsset: {fileID: 0}
  m_GameObject: {fileID: 1403225781783948769}
  m_LocalRotation: {x: 0, y: -0, z: -0, w: 1}
  m_LocalPosition: {x: -0, y: 0.007283186, z: 0}
  m_LocalScale: {x: 1, y: 1, z: 1}
  m_Children: []
  m_Father: {fileID: 2273746368867354315}
  m_RootOrder: 0
  m_LocalEulerAnglesHint: {x: 0, y: 0, z: 0}
--- !u!1 &1707994753790307159
GameObject:
  m_ObjectHideFlags: 0
  m_CorrespondingSourceObject: {fileID: 0}
  m_PrefabInstance: {fileID: 0}
  m_PrefabAsset: {fileID: 0}
  serializedVersion: 6
  m_Component:
  - component: {fileID: 2317639881422864035}
  m_Layer: 11
  m_Name: ElbowIKTarget.L
  m_TagString: Untagged
  m_Icon: {fileID: 0}
  m_NavMeshLayer: 0
  m_StaticEditorFlags: 0
  m_IsActive: 1
--- !u!4 &2317639881422864035
Transform:
  m_ObjectHideFlags: 0
  m_CorrespondingSourceObject: {fileID: 0}
  m_PrefabInstance: {fileID: 0}
  m_PrefabAsset: {fileID: 0}
  m_GameObject: {fileID: 1707994753790307159}
  m_LocalRotation: {x: -0.7071068, y: 0, z: -0, w: 0.7071067}
  m_LocalPosition: {x: -0.010587828, y: 0.010156761, z: -0.013400266}
  m_LocalScale: {x: 1, y: 1, z: 1}
  m_Children:
  - {fileID: 1730203925213150226}
  m_Father: {fileID: 2897872882747069147}
  m_RootOrder: 0
  m_LocalEulerAnglesHint: {x: -89.98021, y: 0, z: 0}
--- !u!1 &1767680322927960453
GameObject:
  m_ObjectHideFlags: 0
  m_CorrespondingSourceObject: {fileID: 0}
  m_PrefabInstance: {fileID: 0}
  m_PrefabAsset: {fileID: 0}
  serializedVersion: 6
  m_Component:
  - component: {fileID: 692242162693267287}
  m_Layer: 11
  m_Name: Toes.R_end
  m_TagString: Untagged
  m_Icon: {fileID: 0}
  m_NavMeshLayer: 0
  m_StaticEditorFlags: 0
  m_IsActive: 1
--- !u!4 &692242162693267287
Transform:
  m_ObjectHideFlags: 0
  m_CorrespondingSourceObject: {fileID: 0}
  m_PrefabInstance: {fileID: 0}
  m_PrefabAsset: {fileID: 0}
  m_GameObject: {fileID: 1767680322927960453}
  m_LocalRotation: {x: 0, y: -0, z: -0, w: 1}
  m_LocalPosition: {x: -0, y: 0.0079572415, z: 0}
  m_LocalScale: {x: 1, y: 1, z: 1}
  m_Children: []
  m_Father: {fileID: 8822203721025412823}
  m_RootOrder: 0
  m_LocalEulerAnglesHint: {x: 0, y: 0, z: 0}
--- !u!1 &1787754430975753078
GameObject:
  m_ObjectHideFlags: 0
  m_CorrespondingSourceObject: {fileID: 0}
  m_PrefabInstance: {fileID: 0}
  m_PrefabAsset: {fileID: 0}
  serializedVersion: 6
  m_Component:
  - component: {fileID: 6759033925430747145}
  m_Layer: 11
  m_Name: Calf.L_end
  m_TagString: Untagged
  m_Icon: {fileID: 0}
  m_NavMeshLayer: 0
  m_StaticEditorFlags: 0
  m_IsActive: 1
--- !u!4 &6759033925430747145
Transform:
  m_ObjectHideFlags: 0
  m_CorrespondingSourceObject: {fileID: 0}
  m_PrefabInstance: {fileID: 0}
  m_PrefabAsset: {fileID: 0}
  m_GameObject: {fileID: 1787754430975753078}
  m_LocalRotation: {x: 0, y: -0, z: -0, w: 1}
  m_LocalPosition: {x: -0, y: 0.015770517, z: 0}
  m_LocalScale: {x: 1, y: 1, z: 1}
  m_Children: []
  m_Father: {fileID: 4109130879873953232}
  m_RootOrder: 0
  m_LocalEulerAnglesHint: {x: 0, y: 0, z: 0}
--- !u!1 &1823105323993997723
GameObject:
  m_ObjectHideFlags: 0
  m_CorrespondingSourceObject: {fileID: 0}
  m_PrefabInstance: {fileID: 0}
  m_PrefabAsset: {fileID: 0}
  serializedVersion: 6
  m_Component:
  - component: {fileID: 3296739978787529536}
  m_Layer: 11
  m_Name: Hand.R
  m_TagString: Untagged
  m_Icon: {fileID: 0}
  m_NavMeshLayer: 0
  m_StaticEditorFlags: 0
  m_IsActive: 1
--- !u!4 &3296739978787529536
Transform:
  m_ObjectHideFlags: 0
  m_CorrespondingSourceObject: {fileID: 0}
  m_PrefabInstance: {fileID: 0}
  m_PrefabAsset: {fileID: 0}
  m_GameObject: {fileID: 1823105323993997723}
  m_LocalRotation: {x: -0.3580115, y: 0.3065464, z: -0.6749315, w: 0.5677363}
  m_LocalPosition: {x: -0, y: 0, z: 0}
  m_LocalScale: {x: 0.99999994, y: 0.9999998, z: 0.9999999}
  m_Children:
  - {fileID: 5388591496201636251}
  m_Father: {fileID: 3084869519617882118}
  m_RootOrder: 0
  m_LocalEulerAnglesHint: {x: 0.41731122, y: 56.239075, z: -99.6375}
--- !u!1 &2494674766006033563
GameObject:
  m_ObjectHideFlags: 0
  m_CorrespondingSourceObject: {fileID: 0}
  m_PrefabInstance: {fileID: 0}
  m_PrefabAsset: {fileID: 0}
  serializedVersion: 6
  m_Component:
  - component: {fileID: 8258897015968016133}
  m_Layer: 11
  m_Name: CharArmature
  m_TagString: Untagged
  m_Icon: {fileID: 0}
  m_NavMeshLayer: 0
  m_StaticEditorFlags: 0
  m_IsActive: 1
--- !u!4 &8258897015968016133
Transform:
  m_ObjectHideFlags: 0
  m_CorrespondingSourceObject: {fileID: 0}
  m_PrefabInstance: {fileID: 0}
  m_PrefabAsset: {fileID: 0}
  m_GameObject: {fileID: 2494674766006033563}
  m_LocalRotation: {x: -0.7071068, y: 0, z: -0, w: 0.7071067}
  m_LocalPosition: {x: -0, y: 0, z: 0}
  m_LocalScale: {x: 100, y: 100, z: 100}
  m_Children:
  - {fileID: 2897872882747069147}
  m_Father: {fileID: 2834785267914326197}
  m_RootOrder: 0
  m_LocalEulerAnglesHint: {x: -89.98021, y: 0, z: 0}
--- !u!1 &2723212490326787841
GameObject:
  m_ObjectHideFlags: 0
  m_CorrespondingSourceObject: {fileID: 0}
  m_PrefabInstance: {fileID: 0}
  m_PrefabAsset: {fileID: 0}
  serializedVersion: 6
  m_Component:
  - component: {fileID: 8726943852431481363}
  m_Layer: 11
  m_Name: Calf.R_end
  m_TagString: Untagged
  m_Icon: {fileID: 0}
  m_NavMeshLayer: 0
  m_StaticEditorFlags: 0
  m_IsActive: 1
--- !u!4 &8726943852431481363
Transform:
  m_ObjectHideFlags: 0
  m_CorrespondingSourceObject: {fileID: 0}
  m_PrefabInstance: {fileID: 0}
  m_PrefabAsset: {fileID: 0}
  m_GameObject: {fileID: 2723212490326787841}
  m_LocalRotation: {x: 0, y: -0, z: -0, w: 1}
  m_LocalPosition: {x: -0, y: 0.015770517, z: 0}
  m_LocalScale: {x: 1, y: 1, z: 1}
  m_Children: []
  m_Father: {fileID: 8598448650532443781}
  m_RootOrder: 0
  m_LocalEulerAnglesHint: {x: 0, y: 0, z: 0}
--- !u!1 &2780686656312688669
GameObject:
  m_ObjectHideFlags: 0
  m_CorrespondingSourceObject: {fileID: 0}
  m_PrefabInstance: {fileID: 0}
  m_PrefabAsset: {fileID: 0}
  serializedVersion: 6
  m_Component:
  - component: {fileID: 6299902327550927375}
  - component: {fileID: 7581200506593409914}
  m_Layer: 11
  m_Name: GuanDaoBlade
  m_TagString: Untagged
  m_Icon: {fileID: 0}
  m_NavMeshLayer: 0
  m_StaticEditorFlags: 0
  m_IsActive: 1
--- !u!4 &6299902327550927375
Transform:
  m_ObjectHideFlags: 0
  m_CorrespondingSourceObject: {fileID: 0}
  m_PrefabInstance: {fileID: 0}
  m_PrefabAsset: {fileID: 0}
  m_GameObject: {fileID: 2780686656312688669}
  m_LocalRotation: {x: 0.49920964, y: -0.08678618, z: 0.86209774, w: 0.0067366175}
  m_LocalPosition: {x: 0.039461087, y: -0.037816364, z: 0.0047741756}
  m_LocalScale: {x: 1, y: 1, z: 1}
  m_Children: []
  m_Father: {fileID: 5388591496201636251}
  m_RootOrder: 2
  m_LocalEulerAnglesHint: {x: 0, y: 0, z: 0}
--- !u!137 &7581200506593409914
SkinnedMeshRenderer:
  m_ObjectHideFlags: 0
  m_CorrespondingSourceObject: {fileID: 0}
  m_PrefabInstance: {fileID: 0}
  m_PrefabAsset: {fileID: 0}
  m_GameObject: {fileID: 2780686656312688669}
  m_Enabled: 1
  m_CastShadows: 1
  m_ReceiveShadows: 1
  m_DynamicOccludee: 1
  m_MotionVectors: 1
  m_LightProbeUsage: 1
  m_ReflectionProbeUsage: 1
  m_RayTracingMode: 3
  m_RayTraceProcedural: 0
  m_RenderingLayerMask: 1
  m_RendererPriority: 0
  m_Materials:
  - {fileID: -9036147594076225024, guid: 9d0fb55b2664476449128b26534fd514, type: 3}
  m_StaticBatchInfo:
    firstSubMesh: 0
    subMeshCount: 0
  m_StaticBatchRoot: {fileID: 0}
  m_ProbeAnchor: {fileID: 0}
  m_LightProbeVolumeOverride: {fileID: 0}
  m_ScaleInLightmap: 1
  m_ReceiveGI: 1
  m_PreserveUVs: 0
  m_IgnoreNormalsForChartDetection: 0
  m_ImportantGI: 0
  m_StitchLightmapSeams: 1
  m_SelectedEditorRenderState: 3
  m_MinimumChartSize: 4
  m_AutoUVMaxDistance: 0.5
  m_AutoUVMaxAngle: 89
  m_LightmapParameters: {fileID: 0}
  m_SortingLayerID: 0
  m_SortingLayer: 0
  m_SortingOrder: 0
  serializedVersion: 2
  m_Quality: 0
  m_UpdateWhenOffscreen: 0
  m_SkinnedMotionVectors: 1
  m_Mesh: {fileID: 5559922691660526795, guid: 4fede2c2d85c6a144bf980975745fed2, type: 3}
  m_Bones:
  - {fileID: 3109430224742715082}
  m_BlendShapeWeights: []
  m_RootBone: {fileID: 3109430224742715082}
  m_AABB:
    m_Center: {x: 0.0020167036, y: 0.032802794, z: 0.00017255876}
    m_Extent: {x: 0.0059504453, y: 0.011610147, z: 0.00017255952}
  m_DirtyAABB: 0
--- !u!1 &3178695271688903183
GameObject:
  m_ObjectHideFlags: 0
  m_CorrespondingSourceObject: {fileID: 0}
  m_PrefabInstance: {fileID: 0}
  m_PrefabAsset: {fileID: 0}
  serializedVersion: 6
  m_Component:
  - component: {fileID: 2834785267914326197}
  - component: {fileID: 1715701823401506004}
  - component: {fileID: 1690124473743908193}
  - component: {fileID: 1690124473743908194}
  - component: {fileID: 2734724876283444954}
  - component: {fileID: 1690124473743908196}
  m_Layer: 11
  m_Name: StatueFighter
  m_TagString: NPC
  m_Icon: {fileID: 0}
  m_NavMeshLayer: 0
  m_StaticEditorFlags: 0
  m_IsActive: 1
--- !u!4 &2834785267914326197
Transform:
  m_ObjectHideFlags: 0
  m_CorrespondingSourceObject: {fileID: 0}
  m_PrefabInstance: {fileID: 0}
  m_PrefabAsset: {fileID: 0}
  m_GameObject: {fileID: 3178695271688903183}
  m_LocalRotation: {x: 0, y: 0, z: 0, w: 1}
  m_LocalPosition: {x: 0, y: 0, z: 0}
  m_LocalScale: {x: 1, y: 1, z: 1}
  m_Children:
  - {fileID: 8258897015968016133}
  - {fileID: 4056655023113959988}
  m_Father: {fileID: 0}
  m_RootOrder: 0
  m_LocalEulerAnglesHint: {x: 0, y: 0, z: 0}
--- !u!95 &1715701823401506004
Animator:
  serializedVersion: 3
  m_ObjectHideFlags: 0
  m_CorrespondingSourceObject: {fileID: 0}
  m_PrefabInstance: {fileID: 0}
  m_PrefabAsset: {fileID: 0}
  m_GameObject: {fileID: 3178695271688903183}
  m_Enabled: 1
  m_Avatar: {fileID: 0}
  m_Controller: {fileID: 9100000, guid: 9ae813baabaaadb4895d3a93f3b3c43c, type: 2}
  m_CullingMode: 0
  m_UpdateMode: 0
  m_ApplyRootMotion: 0
  m_LinearVelocityBlending: 0
  m_WarningMessage: 
  m_HasTransformHierarchy: 1
  m_AllowConstantClipSamplingOptimization: 1
  m_KeepAnimatorControllerStateOnDisable: 0
--- !u!54 &1690124473743908193
Rigidbody:
  m_ObjectHideFlags: 0
  m_CorrespondingSourceObject: {fileID: 0}
  m_PrefabInstance: {fileID: 0}
  m_PrefabAsset: {fileID: 0}
  m_GameObject: {fileID: 3178695271688903183}
  serializedVersion: 2
  m_Mass: 1
  m_Drag: 0
  m_AngularDrag: 0.05
  m_UseGravity: 1
  m_IsKinematic: 1
  m_Interpolate: 0
  m_Constraints: 0
  m_CollisionDetection: 0
--- !u!136 &1690124473743908194
CapsuleCollider:
  m_ObjectHideFlags: 0
  m_CorrespondingSourceObject: {fileID: 0}
  m_PrefabInstance: {fileID: 0}
  m_PrefabAsset: {fileID: 0}
  m_GameObject: {fileID: 3178695271688903183}
  m_Material: {fileID: 0}
  m_IsTrigger: 0
  m_Enabled: 1
  m_Radius: 0.59
  m_Height: 6.09
  m_Direction: 1
  m_Center: {x: 0, y: -0.06586051, z: 0}
--- !u!114 &2734724876283444954
MonoBehaviour:
  m_ObjectHideFlags: 0
  m_CorrespondingSourceObject: {fileID: 0}
  m_PrefabInstance: {fileID: 0}
  m_PrefabAsset: {fileID: 0}
  m_GameObject: {fileID: 3178695271688903183}
  m_Enabled: 1
  m_EditorHideFlags: 0
  m_Script: {fileID: 11500000, guid: fc4201bf6e7a1204184fe71d2ca25f1a, type: 3}
  m_Name: 
  m_EditorClassIdentifier: 
  healthPoints: 100
  maxHealthPoints: 100
  damageResistanceFactor: 0
  team: 0
  groundingRayDistance: 9
  layerMaskGroundingIgnore:
    serializedVersion: 2
    m_Bits: 3894
  skinnedMeshRenderer: {fileID: 4955116350817338070}
  animator: {fileID: 1715701823401506004}
  charSkeleton: {fileID: 8258897015968016133}
  walkSpeedMax: 4
  runSpeedMax: 8
  runThresholdStart: 50
  runThresholdStop: 25
  runAnimChangeMinimumTime: 1.5
  proxCheckLayerMask:
    serializedVersion: 2
    m_Bits: 256
  activateOnEnemyProx: 1
  statueCheckRadius: 25
  attackAngleMin: 15
  jabTimer: 1
  jabRadius: 2
  jabForce: 10
  jabDamage: 10
  jabMinDistance: 25
  slamRadius: 5
  slamTimer: 0.5
  slamForce: 35
  slamDamage: 25
  slamMinDistance: 22
  attackPoint: {fileID: 0}
  attackLayers:
    serializedVersion: 2
    m_Bits: 1280
--- !u!195 &1690124473743908196
NavMeshAgent:
  m_ObjectHideFlags: 0
  m_CorrespondingSourceObject: {fileID: 0}
  m_PrefabInstance: {fileID: 0}
  m_PrefabAsset: {fileID: 0}
  m_GameObject: {fileID: 3178695271688903183}
  m_Enabled: 1
  m_AgentTypeID: 0
  m_Radius: 0.66
  m_Speed: 0
  m_Acceleration: 999
  avoidancePriority: 50
  m_AngularSpeed: 36000
  m_StoppingDistance: 0
  m_AutoTraverseOffMeshLink: 1
  m_AutoBraking: 1
  m_AutoRepath: 1
  m_Height: 5.34
  m_BaseOffset: 3.13
  m_WalkableMask: 4294967295
  m_ObstacleAvoidanceType: 4
--- !u!1 &3212593957626552079
GameObject:
  m_ObjectHideFlags: 0
  m_CorrespondingSourceObject: {fileID: 0}
  m_PrefabInstance: {fileID: 0}
  m_PrefabAsset: {fileID: 0}
  serializedVersion: 6
  m_Component:
  - component: {fileID: 4273994277241555405}
  m_Layer: 11
  m_Name: HandIK.L
  m_TagString: Untagged
  m_Icon: {fileID: 0}
  m_NavMeshLayer: 0
  m_StaticEditorFlags: 0
  m_IsActive: 1
--- !u!4 &4273994277241555405
Transform:
  m_ObjectHideFlags: 0
  m_CorrespondingSourceObject: {fileID: 0}
  m_PrefabInstance: {fileID: 0}
  m_PrefabAsset: {fileID: 0}
  m_GameObject: {fileID: 3212593957626552079}
  m_LocalRotation: {x: -0.7071068, y: 0, z: -0, w: 0.7071067}
  m_LocalPosition: {x: -0.01463748, y: 0.0044289664, z: -0.00015508536}
  m_LocalScale: {x: 1, y: 1, z: 1}
  m_Children:
  - {fileID: 5295638721140053405}
  m_Father: {fileID: 2897872882747069147}
  m_RootOrder: 4
  m_LocalEulerAnglesHint: {x: 11.201343, y: -81.60845, z: -94.25412}
--- !u!1 &3243936192988200045
GameObject:
  m_ObjectHideFlags: 0
  m_CorrespondingSourceObject: {fileID: 0}
  m_PrefabInstance: {fileID: 0}
  m_PrefabAsset: {fileID: 0}
  serializedVersion: 6
  m_Component:
  - component: {fileID: 874698766758430187}
  m_Layer: 11
  m_Name: Head
  m_TagString: Untagged
  m_Icon: {fileID: 0}
  m_NavMeshLayer: 0
  m_StaticEditorFlags: 0
  m_IsActive: 1
--- !u!4 &874698766758430187
Transform:
  m_ObjectHideFlags: 0
  m_CorrespondingSourceObject: {fileID: 0}
  m_PrefabInstance: {fileID: 0}
  m_PrefabAsset: {fileID: 0}
  m_GameObject: {fileID: 3243936192988200045}
  m_LocalRotation: {x: 0.00000001668912, y: 0.9921147, z: 0.12533346, w: -0.00000013210808}
  m_LocalPosition: {x: -8.7637146e-17, y: 0.0028345492, z: -7.45058e-10}
  m_LocalScale: {x: 1, y: 1.0000001, z: 1}
  m_Children:
  - {fileID: 8737976878981101507}
  m_Father: {fileID: 4286978174644172147}
  m_RootOrder: 0
  m_LocalEulerAnglesHint: {x: -6.867357, y: -179.99998, z: -0.000000008759061}
--- !u!1 &3290169424126313730
GameObject:
  m_ObjectHideFlags: 0
  m_CorrespondingSourceObject: {fileID: 0}
  m_PrefabInstance: {fileID: 0}
  m_PrefabAsset: {fileID: 0}
  serializedVersion: 6
  m_Component:
  - component: {fileID: 1815521365450092946}
  m_Layer: 11
  m_Name: ForeArm.R
  m_TagString: Untagged
  m_Icon: {fileID: 0}
  m_NavMeshLayer: 0
  m_StaticEditorFlags: 0
  m_IsActive: 1
--- !u!4 &1815521365450092946
Transform:
  m_ObjectHideFlags: 0
  m_CorrespondingSourceObject: {fileID: 0}
  m_PrefabInstance: {fileID: 0}
  m_PrefabAsset: {fileID: 0}
  m_GameObject: {fileID: 3290169424126313730}
  m_LocalRotation: {x: -0.037926782, y: -0.0017852156, z: -0.20295267, w: 0.97845215}
  m_LocalPosition: {x: -0, y: 0.0076743313, z: 0.0000000012945384}
  m_LocalScale: {x: 0.9999999, y: 0.99999976, z: 1.0000002}
  m_Children:
  - {fileID: 3660092881891976755}
  m_Father: {fileID: 2850515037256874037}
  m_RootOrder: 0
  m_LocalEulerAnglesHint: {x: -10.151467, y: 13.884163, z: -108.65485}
--- !u!1 &3299425114488556345
GameObject:
  m_ObjectHideFlags: 0
  m_CorrespondingSourceObject: {fileID: 0}
  m_PrefabInstance: {fileID: 0}
  m_PrefabAsset: {fileID: 0}
  serializedVersion: 6
  m_Component:
  - component: {fileID: 843780159105129041}
  m_Layer: 11
  m_Name: GuanDaoMain_end
  m_TagString: Untagged
  m_Icon: {fileID: 0}
  m_NavMeshLayer: 0
  m_StaticEditorFlags: 0
  m_IsActive: 1
--- !u!4 &843780159105129041
Transform:
  m_ObjectHideFlags: 0
  m_CorrespondingSourceObject: {fileID: 0}
  m_PrefabInstance: {fileID: 0}
  m_PrefabAsset: {fileID: 0}
  m_GameObject: {fileID: 3299425114488556345}
  m_LocalRotation: {x: 0, y: -0, z: -0, w: 1}
  m_LocalPosition: {x: -0, y: 0.01, z: 0}
  m_LocalScale: {x: 1, y: 1, z: 1}
  m_Children: []
  m_Father: {fileID: 3109430224742715082}
  m_RootOrder: 0
  m_LocalEulerAnglesHint: {x: 0, y: 0, z: 0}
--- !u!1 &3484599593961037029
GameObject:
  m_ObjectHideFlags: 0
  m_CorrespondingSourceObject: {fileID: 0}
  m_PrefabInstance: {fileID: 0}
  m_PrefabAsset: {fileID: 0}
  serializedVersion: 6
  m_Component:
  - component: {fileID: 2272723309393009728}
  - component: {fileID: 1870811509376336835}
  m_Layer: 11
  m_Name: GuanDaoPole
  m_TagString: Untagged
  m_Icon: {fileID: 0}
  m_NavMeshLayer: 0
  m_StaticEditorFlags: 0
  m_IsActive: 1
--- !u!4 &2272723309393009728
Transform:
  m_ObjectHideFlags: 0
  m_CorrespondingSourceObject: {fileID: 0}
  m_PrefabInstance: {fileID: 0}
  m_PrefabAsset: {fileID: 0}
  m_GameObject: {fileID: 3484599593961037029}
  m_LocalRotation: {x: 0.49920964, y: -0.08678618, z: 0.86209774, w: 0.0067366175}
  m_LocalPosition: {x: 0.006364239, y: -0.031789355, z: -0.014002882}
  m_LocalScale: {x: 1, y: 1, z: 1}
  m_Children: []
  m_Father: {fileID: 5388591496201636251}
  m_RootOrder: 3
  m_LocalEulerAnglesHint: {x: 0, y: 0, z: 0}
--- !u!137 &1870811509376336835
SkinnedMeshRenderer:
  m_ObjectHideFlags: 0
  m_CorrespondingSourceObject: {fileID: 0}
  m_PrefabInstance: {fileID: 0}
  m_PrefabAsset: {fileID: 0}
  m_GameObject: {fileID: 3484599593961037029}
  m_Enabled: 1
  m_CastShadows: 1
  m_ReceiveShadows: 1
  m_DynamicOccludee: 1
  m_MotionVectors: 1
  m_LightProbeUsage: 1
  m_ReflectionProbeUsage: 1
  m_RayTracingMode: 3
  m_RayTraceProcedural: 0
  m_RenderingLayerMask: 1
  m_RendererPriority: 0
  m_Materials:
  - {fileID: 670224309865224971, guid: 4fede2c2d85c6a144bf980975745fed2, type: 3}
  m_StaticBatchInfo:
    firstSubMesh: 0
    subMeshCount: 0
  m_StaticBatchRoot: {fileID: 0}
  m_ProbeAnchor: {fileID: 0}
  m_LightProbeVolumeOverride: {fileID: 0}
  m_ScaleInLightmap: 1
  m_ReceiveGI: 1
  m_PreserveUVs: 0
  m_IgnoreNormalsForChartDetection: 0
  m_ImportantGI: 0
  m_StitchLightmapSeams: 1
  m_SelectedEditorRenderState: 3
  m_MinimumChartSize: 4
  m_AutoUVMaxDistance: 0.5
  m_AutoUVMaxAngle: 89
  m_LightmapParameters: {fileID: 0}
  m_SortingLayerID: 0
  m_SortingLayer: 0
  m_SortingOrder: 0
  serializedVersion: 2
  m_Quality: 0
  m_UpdateWhenOffscreen: 0
  m_SkinnedMotionVectors: 1
  m_Mesh: {fileID: -1278717754270602285, guid: 4fede2c2d85c6a144bf980975745fed2, type: 3}
  m_Bones:
  - {fileID: 3109430224742715082}
  m_BlendShapeWeights: []
  m_RootBone: {fileID: 3109430224742715082}
  m_AABB:
    m_Center: {x: 0.0000000013969839, y: -0.015688777, z: -0.00005048362}
    m_Extent: {x: 0.0021973588, y: 0.03700722, z: 0.00096909143}
  m_DirtyAABB: 0
--- !u!1 &3489591340718027040
GameObject:
  m_ObjectHideFlags: 0
  m_CorrespondingSourceObject: {fileID: 0}
  m_PrefabInstance: {fileID: 0}
  m_PrefabAsset: {fileID: 0}
  serializedVersion: 6
  m_Component:
  - component: {fileID: 4286978174644172147}
  m_Layer: 11
  m_Name: Neck
  m_TagString: Untagged
  m_Icon: {fileID: 0}
  m_NavMeshLayer: 0
  m_StaticEditorFlags: 0
  m_IsActive: 1
--- !u!4 &4286978174644172147
Transform:
  m_ObjectHideFlags: 0
  m_CorrespondingSourceObject: {fileID: 0}
  m_PrefabInstance: {fileID: 0}
  m_PrefabAsset: {fileID: 0}
  m_GameObject: {fileID: 3489591340718027040}
  m_LocalRotation: {x: -0.000000090478004, y: 0.98470944, z: 0.17420481, w: 0.0000006601222}
  m_LocalPosition: {x: 1.4092785e-16, y: 0.0120408125, z: -1.4901161e-10}
  m_LocalScale: {x: 1, y: 1, z: 1}
  m_Children:
  - {fileID: 874698766758430187}
  m_Father: {fileID: 821701157928863541}
  m_RootOrder: 0
  m_LocalEulerAnglesHint: {x: 8.289755, y: 136.74338, z: -6.2428317}
--- !u!1 &3693876180524216265
GameObject:
  m_ObjectHideFlags: 0
  m_CorrespondingSourceObject: {fileID: 0}
  m_PrefabInstance: {fileID: 0}
  m_PrefabAsset: {fileID: 0}
  serializedVersion: 6
  m_Component:
  - component: {fileID: 6854308040726158599}
  m_Layer: 11
  m_Name: Toes.L
  m_TagString: Untagged
  m_Icon: {fileID: 0}
  m_NavMeshLayer: 0
  m_StaticEditorFlags: 0
  m_IsActive: 1
--- !u!4 &6854308040726158599
Transform:
  m_ObjectHideFlags: 0
  m_CorrespondingSourceObject: {fileID: 0}
  m_PrefabInstance: {fileID: 0}
  m_PrefabAsset: {fileID: 0}
  m_GameObject: {fileID: 3693876180524216265}
  m_LocalRotation: {x: 0.014424068, y: -0.1518135, z: 0.98572564, w: 0.071341336}
  m_LocalPosition: {x: -0, y: 0, z: 0}
  m_LocalScale: {x: 0.9999997, y: 0.99999976, z: 0.99999917}
  m_Children:
  - {fileID: 671785294749759876}
  m_Father: {fileID: 4109707393578684929}
  m_RootOrder: 0
  m_LocalEulerAnglesHint: {x: 17.538776, y: 0.4071403, z: 171.78372}
--- !u!1 &4036117391283569758
GameObject:
  m_ObjectHideFlags: 0
  m_CorrespondingSourceObject: {fileID: 0}
  m_PrefabInstance: {fileID: 0}
  m_PrefabAsset: {fileID: 0}
  serializedVersion: 6
  m_Component:
  - component: {fileID: 3306904194856132185}
  m_Layer: 11
  m_Name: GuanDaoArmature
  m_TagString: Untagged
  m_Icon: {fileID: 0}
  m_NavMeshLayer: 0
  m_StaticEditorFlags: 0
  m_IsActive: 1
--- !u!4 &3306904194856132185
Transform:
  m_ObjectHideFlags: 0
  m_CorrespondingSourceObject: {fileID: 0}
  m_PrefabInstance: {fileID: 0}
  m_PrefabAsset: {fileID: 0}
  m_GameObject: {fileID: 4036117391283569758}
  m_LocalRotation: {x: 0.49920964, y: -0.08678618, z: 0.86209774, w: 0.0067366175}
  m_LocalPosition: {x: 0.019702746, y: -0.03421574, z: -0.006453264}
  m_LocalScale: {x: 1, y: 1, z: 1}
  m_Children:
  - {fileID: 3109430224742715082}
  m_Father: {fileID: 5388591496201636251}
  m_RootOrder: 1
  m_LocalEulerAnglesHint: {x: 0, y: 0, z: 0}
--- !u!1 &4288894453154982166
GameObject:
  m_ObjectHideFlags: 0
  m_CorrespondingSourceObject: {fileID: 0}
  m_PrefabInstance: {fileID: 0}
  m_PrefabAsset: {fileID: 0}
  serializedVersion: 6
  m_Component:
  - component: {fileID: 1436087210909735183}
  m_Layer: 11
  m_Name: UpperArm.L
  m_TagString: Untagged
  m_Icon: {fileID: 0}
  m_NavMeshLayer: 0
  m_StaticEditorFlags: 0
  m_IsActive: 1
--- !u!4 &1436087210909735183
Transform:
  m_ObjectHideFlags: 0
  m_CorrespondingSourceObject: {fileID: 0}
  m_PrefabInstance: {fileID: 0}
  m_PrefabAsset: {fileID: 0}
  m_GameObject: {fileID: 4288894453154982166}
  m_LocalRotation: {x: -0.2040603, y: -0.02694535, z: -0.06361967, w: 0.97651726}
  m_LocalPosition: {x: -6.0822367e-12, y: 0.005236803, z: 0.000000002016}
  m_LocalScale: {x: 1.0000002, y: 1.0000007, z: 1.0000001}
  m_Children:
  - {fileID: 2273746368867354315}
  m_Father: {fileID: 8188713362791671919}
  m_RootOrder: 0
  m_LocalEulerAnglesHint: {x: 3.5185614, y: 31.42522, z: 68.908745}
--- !u!1 &4484219467306121253
GameObject:
  m_ObjectHideFlags: 0
  m_CorrespondingSourceObject: {fileID: 0}
  m_PrefabInstance: {fileID: 0}
  m_PrefabAsset: {fileID: 0}
  serializedVersion: 6
  m_Component:
  - component: {fileID: 1868848807145634036}
  m_Layer: 11
  m_Name: Pelvis
  m_TagString: Untagged
  m_Icon: {fileID: 0}
  m_NavMeshLayer: 0
  m_StaticEditorFlags: 0
  m_IsActive: 1
--- !u!4 &1868848807145634036
Transform:
  m_ObjectHideFlags: 0
  m_CorrespondingSourceObject: {fileID: 0}
  m_PrefabInstance: {fileID: 0}
  m_PrefabAsset: {fileID: 0}
  m_GameObject: {fileID: 4484219467306121253}
  m_LocalRotation: {x: -0.09546088, y: 3.0427425e-17, z: 3.0427422e-17, w: 0.9954332}
  m_LocalPosition: {x: -1.1862939e-20, y: 0.000053426025, z: 0.0013623611}
  m_LocalScale: {x: 1, y: 1, z: 1}
  m_Children:
  - {fileID: 821701157928863541}
  - {fileID: 5762779324924179996}
  - {fileID: 2360348782406312492}
  m_Father: {fileID: 2897872882747069147}
  m_RootOrder: 8
  m_LocalEulerAnglesHint: {x: 8.010746, y: 30.573236, z: 6.3687224}
--- !u!1 &4507857811219114600
GameObject:
  m_ObjectHideFlags: 0
  m_CorrespondingSourceObject: {fileID: 0}
  m_PrefabInstance: {fileID: 0}
  m_PrefabAsset: {fileID: 0}
  serializedVersion: 6
  m_Component:
  - component: {fileID: 4109130879873953232}
  m_Layer: 11
  m_Name: Calf.L
  m_TagString: Untagged
  m_Icon: {fileID: 0}
  m_NavMeshLayer: 0
  m_StaticEditorFlags: 0
  m_IsActive: 1
--- !u!4 &4109130879873953232
Transform:
  m_ObjectHideFlags: 0
  m_CorrespondingSourceObject: {fileID: 0}
  m_PrefabInstance: {fileID: 0}
  m_PrefabAsset: {fileID: 0}
  m_GameObject: {fileID: 4507857811219114600}
  m_LocalRotation: {x: 0.09628577, y: 0.6746149, z: -0.057057537, w: 0.72963566}
  m_LocalPosition: {x: 1.8626451e-11, y: 0.013366363, z: 7.0547684e-10}
  m_LocalScale: {x: 1.0000004, y: 1.0000008, z: 0.9999999}
  m_Children:
  - {fileID: 6759033925430747145}
  m_Father: {fileID: 5762779324924179996}
  m_RootOrder: 0
  m_LocalEulerAnglesHint: {x: 49.74029, y: 92.12238, z: 14.45195}
--- !u!1 &4551301158849176720
GameObject:
  m_ObjectHideFlags: 0
  m_CorrespondingSourceObject: {fileID: 0}
  m_PrefabInstance: {fileID: 0}
  m_PrefabAsset: {fileID: 0}
  serializedVersion: 6
  m_Component:
  - component: {fileID: 3084869519617882118}
  m_Layer: 11
  m_Name: HandIK.R
  m_TagString: Untagged
  m_Icon: {fileID: 0}
  m_NavMeshLayer: 0
  m_StaticEditorFlags: 0
  m_IsActive: 1
--- !u!4 &3084869519617882118
Transform:
  m_ObjectHideFlags: 0
  m_CorrespondingSourceObject: {fileID: 0}
  m_PrefabInstance: {fileID: 0}
  m_PrefabAsset: {fileID: 0}
  m_GameObject: {fileID: 4551301158849176720}
  m_LocalRotation: {x: -0.7071068, y: 0, z: -0, w: 0.7071067}
  m_LocalPosition: {x: 0.01463748, y: 0.0044289664, z: -0.00015508536}
  m_LocalScale: {x: 1, y: 1, z: 1}
  m_Children:
  - {fileID: 3296739978787529536}
  m_Father: {fileID: 2897872882747069147}
  m_RootOrder: 5
  m_LocalEulerAnglesHint: {x: -73.150925, y: -120.178505, z: 122.8736}
--- !u!1 &4645698662482732888
GameObject:
  m_ObjectHideFlags: 0
  m_CorrespondingSourceObject: {fileID: 0}
  m_PrefabInstance: {fileID: 0}
  m_PrefabAsset: {fileID: 0}
  serializedVersion: 6
  m_Component:
  - component: {fileID: 8822203721025412823}
  m_Layer: 11
  m_Name: Toes.R
  m_TagString: Untagged
  m_Icon: {fileID: 0}
  m_NavMeshLayer: 0
  m_StaticEditorFlags: 0
  m_IsActive: 1
--- !u!4 &8822203721025412823
Transform:
  m_ObjectHideFlags: 0
  m_CorrespondingSourceObject: {fileID: 0}
  m_PrefabInstance: {fileID: 0}
  m_PrefabAsset: {fileID: 0}
  m_GameObject: {fileID: 4645698662482732888}
  m_LocalRotation: {x: -0.014424287, y: -0.15181361, z: 0.98572564, w: -0.07134138}
  m_LocalPosition: {x: -0, y: 0, z: 0}
  m_LocalScale: {x: 0.9999997, y: 0.9999999, z: 0.99999917}
  m_Children:
  - {fileID: 692242162693267287}
  m_Father: {fileID: 1315737129116951552}
  m_RootOrder: 0
  m_LocalEulerAnglesHint: {x: 17.538778, y: -0.40716764, z: -171.78372}
--- !u!1 &4678873991227177440
GameObject:
  m_ObjectHideFlags: 0
  m_CorrespondingSourceObject: {fileID: 0}
  m_PrefabInstance: {fileID: 0}
  m_PrefabAsset: {fileID: 0}
  serializedVersion: 6
  m_Component:
  - component: {fileID: 8598448650532443781}
  m_Layer: 11
  m_Name: Calf.R
  m_TagString: Untagged
  m_Icon: {fileID: 0}
  m_NavMeshLayer: 0
  m_StaticEditorFlags: 0
  m_IsActive: 1
--- !u!4 &8598448650532443781
Transform:
  m_ObjectHideFlags: 0
  m_CorrespondingSourceObject: {fileID: 0}
  m_PrefabInstance: {fileID: 0}
  m_PrefabAsset: {fileID: 0}
  m_GameObject: {fileID: 4678873991227177440}
  m_LocalRotation: {x: 0.098314345, y: -0.7009505, z: 0.05348287, w: 0.70437366}
  m_LocalPosition: {x: -5.5879353e-11, y: 0.013366364, z: 4.796311e-10}
  m_LocalScale: {x: 1, y: 1.0000005, z: 1}
  m_Children:
  - {fileID: 8726943852431481363}
  m_Father: {fileID: 2360348782406312492}
  m_RootOrder: 0
  m_LocalEulerAnglesHint: {x: 62.098896, y: -109.9677, z: -33.219463}
--- !u!1 &5104469896998493485
GameObject:
  m_ObjectHideFlags: 0
  m_CorrespondingSourceObject: {fileID: 0}
  m_PrefabInstance: {fileID: 0}
  m_PrefabAsset: {fileID: 0}
  serializedVersion: 6
  m_Component:
  - component: {fileID: 2850515037256874037}
  m_Layer: 11
  m_Name: UpperArm.R
  m_TagString: Untagged
  m_Icon: {fileID: 0}
  m_NavMeshLayer: 0
  m_StaticEditorFlags: 0
  m_IsActive: 1
--- !u!4 &2850515037256874037
Transform:
  m_ObjectHideFlags: 0
  m_CorrespondingSourceObject: {fileID: 0}
  m_PrefabInstance: {fileID: 0}
  m_PrefabAsset: {fileID: 0}
  m_GameObject: {fileID: 5104469896998493485}
  m_LocalRotation: {x: -0.20406036, y: 0.026945256, z: 0.06361908, w: 0.97651726}
  m_LocalPosition: {x: 9.06968e-11, y: 0.0052368026, z: -6.912952e-10}
  m_LocalScale: {x: 1.0000001, y: 1.0000002, z: 0.9999998}
  m_Children:
  - {fileID: 1815521365450092946}
  m_Father: {fileID: 745130701341526421}
  m_RootOrder: 0
  m_LocalEulerAnglesHint: {x: -13.289229, y: 105.38753, z: 2.0820618}
--- !u!1 &5234823780156474228
GameObject:
  m_ObjectHideFlags: 0
  m_CorrespondingSourceObject: {fileID: 0}
  m_PrefabInstance: {fileID: 0}
  m_PrefabAsset: {fileID: 0}
  serializedVersion: 6
  m_Component:
  - component: {fileID: 8188713362791671919}
  m_Layer: 11
  m_Name: Shoulder.L
  m_TagString: Untagged
  m_Icon: {fileID: 0}
  m_NavMeshLayer: 0
  m_StaticEditorFlags: 0
  m_IsActive: 1
--- !u!4 &8188713362791671919
Transform:
  m_ObjectHideFlags: 0
  m_CorrespondingSourceObject: {fileID: 0}
  m_PrefabInstance: {fileID: 0}
  m_PrefabAsset: {fileID: 0}
  m_GameObject: {fileID: 5234823780156474228}
  m_LocalRotation: {x: -0.5824229, y: 0.34153086, z: 0.6191577, w: 0.4009788}
  m_LocalPosition: {x: -0.0010573883, y: 0.011948514, z: -0.000009156683}
  m_LocalScale: {x: 1.0000001, y: 1, z: 1}
  m_Children:
  - {fileID: 1436087210909735183}
  m_Father: {fileID: 821701157928863541}
  m_RootOrder: 1
  m_LocalEulerAnglesHint: {x: -67.75502, y: -56.09601, z: 138.57231}
--- !u!1 &5817135698620758029
GameObject:
  m_ObjectHideFlags: 0
  m_CorrespondingSourceObject: {fileID: 0}
  m_PrefabInstance: {fileID: 0}
  m_PrefabAsset: {fileID: 0}
  serializedVersion: 6
  m_Component:
  - component: {fileID: 4109707393578684929}
  m_Layer: 11
  m_Name: FootIK.L
  m_TagString: Untagged
  m_Icon: {fileID: 0}
  m_NavMeshLayer: 0
  m_StaticEditorFlags: 0
  m_IsActive: 1
--- !u!4 &4109707393578684929
Transform:
  m_ObjectHideFlags: 0
  m_CorrespondingSourceObject: {fileID: 0}
  m_PrefabInstance: {fileID: 0}
  m_PrefabAsset: {fileID: 0}
  m_GameObject: {fileID: 5817135698620758029}
  m_LocalRotation: {x: -0.7071068, y: 0, z: -0, w: 0.7071067}
  m_LocalPosition: {x: -0.0044410313, y: -0.028713835, z: -0.0029042617}
  m_LocalScale: {x: 1, y: 1, z: 1}
  m_Children:
  - {fileID: 6854308040726158599}
  m_Father: {fileID: 2897872882747069147}
  m_RootOrder: 2
  m_LocalEulerAnglesHint: {x: -45.157215, y: -123.83983, z: -167.17986}
--- !u!1 &5826450909014435511
GameObject:
  m_ObjectHideFlags: 0
  m_CorrespondingSourceObject: {fileID: 0}
  m_PrefabInstance: {fileID: 0}
  m_PrefabAsset: {fileID: 0}
  serializedVersion: 6
  m_Component:
  - component: {fileID: 2360348782406312492}
  m_Layer: 11
  m_Name: Thigh.R
  m_TagString: Untagged
  m_Icon: {fileID: 0}
  m_NavMeshLayer: 0
  m_StaticEditorFlags: 0
  m_IsActive: 1
--- !u!4 &2360348782406312492
Transform:
  m_ObjectHideFlags: 0
  m_CorrespondingSourceObject: {fileID: 0}
  m_PrefabInstance: {fileID: 0}
  m_PrefabAsset: {fileID: 0}
  m_GameObject: {fileID: 5826450909014435511}
  m_LocalRotation: {x: 0.7770979, y: -0.034927208, z: 0.62363523, w: -0.07731807}
  m_LocalPosition: {x: 0.0029918526, y: 0.00031259237, z: -0.0014995524}
  m_LocalScale: {x: 1.0000001, y: 1.0000002, z: 0.99999374}
  m_Children:
  - {fileID: 8598448650532443781}
  m_Father: {fileID: 1868848807145634036}
  m_RootOrder: 2
  m_LocalEulerAnglesHint: {x: -28.142124, y: 89.78903, z: -114.66188}
--- !u!1 &5897093017487797359
GameObject:
  m_ObjectHideFlags: 0
  m_CorrespondingSourceObject: {fileID: 0}
  m_PrefabInstance: {fileID: 0}
  m_PrefabAsset: {fileID: 0}
  serializedVersion: 6
  m_Component:
  - component: {fileID: 821701157928863541}
  m_Layer: 11
  m_Name: Chest
  m_TagString: Untagged
  m_Icon: {fileID: 0}
  m_NavMeshLayer: 0
  m_StaticEditorFlags: 0
  m_IsActive: 1
--- !u!4 &821701157928863541
Transform:
  m_ObjectHideFlags: 0
  m_CorrespondingSourceObject: {fileID: 0}
  m_PrefabInstance: {fileID: 0}
  m_PrefabAsset: {fileID: 0}
  m_GameObject: {fileID: 5897093017487797359}
  m_LocalRotation: {x: 0.046155807, y: 0.0000005954113, z: 0.000000027511009, w: 0.99893427}
  m_LocalPosition: {x: -0, y: 0.006533121, z: 9.3132255e-12}
  m_LocalScale: {x: 1, y: 1, z: 1}
  m_Children:
  - {fileID: 4286978174644172147}
  - {fileID: 8188713362791671919}
  - {fileID: 745130701341526421}
  m_Father: {fileID: 1868848807145634036}
  m_RootOrder: 0
  m_LocalEulerAnglesHint: {x: 20.501251, y: 15.610742, z: 7.3400097}
--- !u!1 &6404631102009380096
GameObject:
  m_ObjectHideFlags: 0
  m_CorrespondingSourceObject: {fileID: 0}
  m_PrefabInstance: {fileID: 0}
  m_PrefabAsset: {fileID: 0}
  serializedVersion: 6
  m_Component:
  - component: {fileID: 671785294749759876}
  m_Layer: 11
  m_Name: Toes.L_end
  m_TagString: Untagged
  m_Icon: {fileID: 0}
  m_NavMeshLayer: 0
  m_StaticEditorFlags: 0
  m_IsActive: 1
--- !u!4 &671785294749759876
Transform:
  m_ObjectHideFlags: 0
  m_CorrespondingSourceObject: {fileID: 0}
  m_PrefabInstance: {fileID: 0}
  m_PrefabAsset: {fileID: 0}
  m_GameObject: {fileID: 6404631102009380096}
  m_LocalRotation: {x: 0, y: -0, z: -0, w: 1}
  m_LocalPosition: {x: -0, y: 0.0079572415, z: 0}
  m_LocalScale: {x: 1, y: 1, z: 1}
  m_Children: []
  m_Father: {fileID: 6854308040726158599}
  m_RootOrder: 0
  m_LocalEulerAnglesHint: {x: 0, y: 0, z: 0}
--- !u!1 &6457310025221094560
GameObject:
  m_ObjectHideFlags: 0
  m_CorrespondingSourceObject: {fileID: 0}
  m_PrefabInstance: {fileID: 0}
  m_PrefabAsset: {fileID: 0}
  serializedVersion: 6
  m_Component:
  - component: {fileID: 1730203925213150226}
  m_Layer: 11
  m_Name: ElbowIKTarget.L_end
  m_TagString: Untagged
  m_Icon: {fileID: 0}
  m_NavMeshLayer: 0
  m_StaticEditorFlags: 0
  m_IsActive: 1
--- !u!4 &1730203925213150226
Transform:
  m_ObjectHideFlags: 0
  m_CorrespondingSourceObject: {fileID: 0}
  m_PrefabInstance: {fileID: 0}
  m_PrefabAsset: {fileID: 0}
  m_GameObject: {fileID: 6457310025221094560}
  m_LocalRotation: {x: 0, y: -0, z: -0, w: 1}
  m_LocalPosition: {x: -0, y: 0.0042295526, z: 0}
  m_LocalScale: {x: 1, y: 1, z: 1}
  m_Children: []
  m_Father: {fileID: 2317639881422864035}
  m_RootOrder: 0
  m_LocalEulerAnglesHint: {x: 0, y: 0, z: 0}
--- !u!1 &6475148925968465271
GameObject:
  m_ObjectHideFlags: 0
  m_CorrespondingSourceObject: {fileID: 0}
  m_PrefabInstance: {fileID: 0}
  m_PrefabAsset: {fileID: 0}
  serializedVersion: 6
  m_Component:
  - component: {fileID: 593971626029324555}
  m_Layer: 11
  m_Name: Hand.L_end
  m_TagString: Untagged
  m_Icon: {fileID: 0}
  m_NavMeshLayer: 0
  m_StaticEditorFlags: 0
  m_IsActive: 1
--- !u!4 &593971626029324555
Transform:
  m_ObjectHideFlags: 0
  m_CorrespondingSourceObject: {fileID: 0}
  m_PrefabInstance: {fileID: 0}
  m_PrefabAsset: {fileID: 0}
  m_GameObject: {fileID: 6475148925968465271}
  m_LocalRotation: {x: 0, y: -0, z: -0, w: 1}
  m_LocalPosition: {x: -0, y: 0.0039891587, z: 0}
  m_LocalScale: {x: 1, y: 1, z: 1}
  m_Children: []
  m_Father: {fileID: 5295638721140053405}
  m_RootOrder: 0
  m_LocalEulerAnglesHint: {x: 0, y: 0, z: 0}
--- !u!1 &6620926385181872715
GameObject:
  m_ObjectHideFlags: 0
  m_CorrespondingSourceObject: {fileID: 0}
  m_PrefabInstance: {fileID: 0}
  m_PrefabAsset: {fileID: 0}
  serializedVersion: 6
  m_Component:
  - component: {fileID: 3660092881891976755}
  m_Layer: 11
  m_Name: ForeArm.R_end
  m_TagString: Untagged
  m_Icon: {fileID: 0}
  m_NavMeshLayer: 0
  m_StaticEditorFlags: 0
  m_IsActive: 1
--- !u!4 &3660092881891976755
Transform:
  m_ObjectHideFlags: 0
  m_CorrespondingSourceObject: {fileID: 0}
  m_PrefabInstance: {fileID: 0}
  m_PrefabAsset: {fileID: 0}
  m_GameObject: {fileID: 6620926385181872715}
  m_LocalRotation: {x: 0, y: -0, z: -0, w: 1}
  m_LocalPosition: {x: -0, y: 0.007283186, z: 0}
  m_LocalScale: {x: 1, y: 1, z: 1}
  m_Children: []
  m_Father: {fileID: 1815521365450092946}
  m_RootOrder: 0
  m_LocalEulerAnglesHint: {x: 0, y: 0, z: 0}
--- !u!1 &6827241971591048466
GameObject:
  m_ObjectHideFlags: 0
  m_CorrespondingSourceObject: {fileID: 0}
  m_PrefabInstance: {fileID: 0}
  m_PrefabAsset: {fileID: 0}
  serializedVersion: 6
  m_Component:
  - component: {fileID: 2273746368867354315}
  m_Layer: 11
  m_Name: ForeArm.L
  m_TagString: Untagged
  m_Icon: {fileID: 0}
  m_NavMeshLayer: 0
  m_StaticEditorFlags: 0
  m_IsActive: 1
--- !u!4 &2273746368867354315
Transform:
  m_ObjectHideFlags: 0
  m_CorrespondingSourceObject: {fileID: 0}
  m_PrefabInstance: {fileID: 0}
  m_PrefabAsset: {fileID: 0}
  m_GameObject: {fileID: 6827241971591048466}
  m_LocalRotation: {x: -0.037927113, y: 0.0017851663, z: 0.20295396, w: 0.9784519}
  m_LocalPosition: {x: -3.72529e-10, y: 0.007674333, z: -0.0000000014808028}
  m_LocalScale: {x: 0.99999976, y: 1.0000001, z: 1.0000002}
  m_Children:
  - {fileID: 5267236131342036830}
  m_Father: {fileID: 1436087210909735183}
  m_RootOrder: 0
  m_LocalEulerAnglesHint: {x: -9.559578, y: -5.6552896, z: 63.058895}
--- !u!1 &6952402279680729544
GameObject:
  m_ObjectHideFlags: 0
  m_CorrespondingSourceObject: {fileID: 0}
  m_PrefabInstance: {fileID: 0}
  m_PrefabAsset: {fileID: 0}
  serializedVersion: 6
  m_Component:
  - component: {fileID: 4992941865356774945}
  m_Layer: 11
  m_Name: KneeIKTarget.R
  m_TagString: Untagged
  m_Icon: {fileID: 0}
  m_NavMeshLayer: 0
  m_StaticEditorFlags: 0
  m_IsActive: 1
--- !u!4 &4992941865356774945
Transform:
  m_ObjectHideFlags: 0
  m_CorrespondingSourceObject: {fileID: 0}
  m_PrefabInstance: {fileID: 0}
  m_PrefabAsset: {fileID: 0}
  m_GameObject: {fileID: 6952402279680729544}
  m_LocalRotation: {x: 0.00000009415697, y: 0.7071068, z: 0.7071067, w: 0.00000009415696}
  m_LocalPosition: {x: 0.0032055564, y: -0.013393748, z: 0.009060372}
  m_LocalScale: {x: 1, y: 0.9999997, z: 0.99999994}
  m_Children:
  - {fileID: 4891021712463264628}
  m_Father: {fileID: 2897872882747069147}
  m_RootOrder: 7
  m_LocalEulerAnglesHint: {x: -89.98021, y: 179.99998, z: 0}
--- !u!1 &7062978447439907367
GameObject:
  m_ObjectHideFlags: 0
  m_CorrespondingSourceObject: {fileID: 0}
  m_PrefabInstance: {fileID: 0}
  m_PrefabAsset: {fileID: 0}
  serializedVersion: 6
  m_Component:
  - component: {fileID: 5388591496201636251}
  m_Layer: 11
  m_Name: Weapon.R
  m_TagString: Untagged
  m_Icon: {fileID: 0}
  m_NavMeshLayer: 0
  m_StaticEditorFlags: 0
  m_IsActive: 1
--- !u!4 &5388591496201636251
Transform:
  m_ObjectHideFlags: 0
  m_CorrespondingSourceObject: {fileID: 0}
  m_PrefabInstance: {fileID: 0}
  m_PrefabAsset: {fileID: 0}
  m_GameObject: {fileID: 7062978447439907367}
  m_LocalRotation: {x: -0.07530942, y: 0.018915206, z: -0.6068579, w: 0.79100835}
  m_LocalPosition: {x: 0.031459305, y: 0.0111434935, z: -0.005703317}
  m_LocalScale: {x: 1.0000002, y: 1.0000002, z: 1.0000002}
  m_Children:
  - {fileID: 8960080172932788280}
  - {fileID: 3306904194856132185}
  - {fileID: 6299902327550927375}
  - {fileID: 2272723309393009728}
  m_Father: {fileID: 3296739978787529536}
  m_RootOrder: 0
  m_LocalEulerAnglesHint: {x: -37.73657, y: -3.1876063, z: -71.41068}
--- !u!1 &7254540111180972735
GameObject:
  m_ObjectHideFlags: 0
  m_CorrespondingSourceObject: {fileID: 0}
  m_PrefabInstance: {fileID: 0}
  m_PrefabAsset: {fileID: 0}
  serializedVersion: 6
  m_Component:
  - component: {fileID: 1315737129116951552}
  m_Layer: 11
  m_Name: FootIK.R
  m_TagString: Untagged
  m_Icon: {fileID: 0}
  m_NavMeshLayer: 0
  m_StaticEditorFlags: 0
  m_IsActive: 1
--- !u!4 &1315737129116951552
Transform:
  m_ObjectHideFlags: 0
  m_CorrespondingSourceObject: {fileID: 0}
  m_PrefabInstance: {fileID: 0}
  m_PrefabAsset: {fileID: 0}
  m_GameObject: {fileID: 7254540111180972735}
  m_LocalRotation: {x: -0.7071068, y: 0, z: -0, w: 0.7071067}
  m_LocalPosition: {x: 0.0044410313, y: -0.028713835, z: -0.0029042617}
  m_LocalScale: {x: 1, y: 1, z: 1}
  m_Children:
  - {fileID: 8822203721025412823}
  m_Father: {fileID: 2897872882747069147}
  m_RootOrder: 3
  m_LocalEulerAnglesHint: {x: 30.915035, y: -8.39267e-15, z: 8.39267e-15}
--- !u!1 &7367508494681296120
GameObject:
  m_ObjectHideFlags: 0
  m_CorrespondingSourceObject: {fileID: 0}
  m_PrefabInstance: {fileID: 0}
  m_PrefabAsset: {fileID: 0}
  serializedVersion: 6
  m_Component:
  - component: {fileID: 5762779324924179996}
  m_Layer: 11
  m_Name: Thigh.L
  m_TagString: Untagged
  m_Icon: {fileID: 0}
  m_NavMeshLayer: 0
  m_StaticEditorFlags: 0
  m_IsActive: 1
--- !u!4 &5762779324924179996
Transform:
  m_ObjectHideFlags: 0
  m_CorrespondingSourceObject: {fileID: 0}
  m_PrefabInstance: {fileID: 0}
  m_PrefabAsset: {fileID: 0}
  m_GameObject: {fileID: 7367508494681296120}
  m_LocalRotation: {x: 0.7689699, y: 0.03724474, z: -0.6336639, w: -0.07594909}
  m_LocalPosition: {x: -0.0029918526, y: 0.00031259237, z: -0.0014995524}
  m_LocalScale: {x: 1.0000001, y: 1.0000002, z: 0.9999937}
  m_Children:
  - {fileID: 4109130879873953232}
  m_Father: {fileID: 1868848807145634036}
  m_RootOrder: 1
  m_LocalEulerAnglesHint: {x: 5.752042, y: -120.90848, z: -92.98931}
--- !u!1 &7547814618190678221
GameObject:
  m_ObjectHideFlags: 0
  m_CorrespondingSourceObject: {fileID: 0}
  m_PrefabInstance: {fileID: 0}
  m_PrefabAsset: {fileID: 0}
  serializedVersion: 6
  m_Component:
  - component: {fileID: 2594390224355991516}
  m_Layer: 11
  m_Name: KneeIKTarget.L_end
  m_TagString: Untagged
  m_Icon: {fileID: 0}
  m_NavMeshLayer: 0
  m_StaticEditorFlags: 0
  m_IsActive: 1
--- !u!4 &2594390224355991516
Transform:
  m_ObjectHideFlags: 0
  m_CorrespondingSourceObject: {fileID: 0}
  m_PrefabInstance: {fileID: 0}
  m_PrefabAsset: {fileID: 0}
  m_GameObject: {fileID: 7547814618190678221}
  m_LocalRotation: {x: 0, y: -0, z: -0, w: 1}
  m_LocalPosition: {x: -0, y: 0.004423668, z: 0}
  m_LocalScale: {x: 1, y: 1, z: 1}
  m_Children: []
  m_Father: {fileID: 5247720350573416921}
  m_RootOrder: 0
  m_LocalEulerAnglesHint: {x: 0, y: 0, z: 0}
--- !u!1 &7851170819673674421
GameObject:
  m_ObjectHideFlags: 0
  m_CorrespondingSourceObject: {fileID: 0}
  m_PrefabInstance: {fileID: 0}
  m_PrefabAsset: {fileID: 0}
  serializedVersion: 6
  m_Component:
  - component: {fileID: 8960080172932788280}
  m_Layer: 11
  m_Name: Weapon.R_end
  m_TagString: Untagged
  m_Icon: {fileID: 0}
  m_NavMeshLayer: 0
  m_StaticEditorFlags: 0
  m_IsActive: 1
--- !u!4 &8960080172932788280
Transform:
  m_ObjectHideFlags: 0
  m_CorrespondingSourceObject: {fileID: 0}
  m_PrefabInstance: {fileID: 0}
  m_PrefabAsset: {fileID: 0}
  m_GameObject: {fileID: 7851170819673674421}
  m_LocalRotation: {x: 0, y: -0, z: -0, w: 1}
  m_LocalPosition: {x: -0, y: 0.001684736, z: 0}
  m_LocalScale: {x: 1, y: 1, z: 1}
  m_Children: []
  m_Father: {fileID: 5388591496201636251}
  m_RootOrder: 0
  m_LocalEulerAnglesHint: {x: 0, y: 0, z: 0}
--- !u!1 &8109906722850177524
GameObject:
  m_ObjectHideFlags: 0
  m_CorrespondingSourceObject: {fileID: 0}
  m_PrefabInstance: {fileID: 0}
  m_PrefabAsset: {fileID: 0}
  serializedVersion: 6
  m_Component:
  - component: {fileID: 1058612385978941349}
  m_Layer: 11
  m_Name: ElbowIKTarget.R_end
  m_TagString: Untagged
  m_Icon: {fileID: 0}
  m_NavMeshLayer: 0
  m_StaticEditorFlags: 0
  m_IsActive: 1
--- !u!4 &1058612385978941349
Transform:
  m_ObjectHideFlags: 0
  m_CorrespondingSourceObject: {fileID: 0}
  m_PrefabInstance: {fileID: 0}
  m_PrefabAsset: {fileID: 0}
  m_GameObject: {fileID: 8109906722850177524}
  m_LocalRotation: {x: 0, y: -0, z: -0, w: 1}
  m_LocalPosition: {x: -0, y: 0.0042295526, z: 0}
  m_LocalScale: {x: 1, y: 1, z: 1}
  m_Children: []
  m_Father: {fileID: 6404151932652420095}
  m_RootOrder: 0
  m_LocalEulerAnglesHint: {x: 0, y: 0, z: 0}
--- !u!1 &8300992023556618321
GameObject:
  m_ObjectHideFlags: 0
  m_CorrespondingSourceObject: {fileID: 0}
  m_PrefabInstance: {fileID: 0}
  m_PrefabAsset: {fileID: 0}
  serializedVersion: 6
  m_Component:
  - component: {fileID: 8737976878981101507}
  m_Layer: 11
  m_Name: Head_end
  m_TagString: Untagged
  m_Icon: {fileID: 0}
  m_NavMeshLayer: 0
  m_StaticEditorFlags: 0
  m_IsActive: 1
--- !u!4 &8737976878981101507
Transform:
  m_ObjectHideFlags: 0
  m_CorrespondingSourceObject: {fileID: 0}
  m_PrefabInstance: {fileID: 0}
  m_PrefabAsset: {fileID: 0}
  m_GameObject: {fileID: 8300992023556618321}
  m_LocalRotation: {x: 0, y: -0, z: -0, w: 1}
  m_LocalPosition: {x: -0, y: 0.0060846186, z: 0}
  m_LocalScale: {x: 1, y: 1, z: 1}
  m_Children: []
  m_Father: {fileID: 874698766758430187}
  m_RootOrder: 0
  m_LocalEulerAnglesHint: {x: 0, y: 0, z: 0}
--- !u!1 &8663729847768628823
GameObject:
  m_ObjectHideFlags: 0
  m_CorrespondingSourceObject: {fileID: 0}
  m_PrefabInstance: {fileID: 0}
  m_PrefabAsset: {fileID: 0}
  serializedVersion: 6
  m_Component:
  - component: {fileID: 745130701341526421}
  m_Layer: 11
  m_Name: Shoulder.R
  m_TagString: Untagged
  m_Icon: {fileID: 0}
  m_NavMeshLayer: 0
  m_StaticEditorFlags: 0
  m_IsActive: 1
--- !u!4 &745130701341526421
Transform:
  m_ObjectHideFlags: 0
  m_CorrespondingSourceObject: {fileID: 0}
  m_PrefabInstance: {fileID: 0}
  m_PrefabAsset: {fileID: 0}
  m_GameObject: {fileID: 8663729847768628823}
  m_LocalRotation: {x: 0.58242166, y: 0.34153202, z: 0.61915785, w: -0.40097937}
  m_LocalPosition: {x: 0.0010573883, y: 0.011948514, z: -0.0000091541615}
  m_LocalScale: {x: 0.9999998, y: 0.99999976, z: 0.99999994}
  m_Children:
  - {fileID: 2850515037256874037}
  m_Father: {fileID: 821701157928863541}
  m_RootOrder: 2
  m_LocalEulerAnglesHint: {x: -64.3864, y: -173.38133, z: 90.46652}
--- !u!1 &8803149092127431233
GameObject:
  m_ObjectHideFlags: 0
  m_CorrespondingSourceObject: {fileID: 0}
  m_PrefabInstance: {fileID: 0}
  m_PrefabAsset: {fileID: 0}
  serializedVersion: 6
  m_Component:
  - component: {fileID: 4891021712463264628}
  m_Layer: 11
  m_Name: KneeIKTarget.R_end
  m_TagString: Untagged
  m_Icon: {fileID: 0}
  m_NavMeshLayer: 0
  m_StaticEditorFlags: 0
  m_IsActive: 1
--- !u!4 &4891021712463264628
Transform:
  m_ObjectHideFlags: 0
  m_CorrespondingSourceObject: {fileID: 0}
  m_PrefabInstance: {fileID: 0}
  m_PrefabAsset: {fileID: 0}
  m_GameObject: {fileID: 8803149092127431233}
  m_LocalRotation: {x: 0, y: -0, z: -0, w: 1}
  m_LocalPosition: {x: -0, y: 0.004423668, z: 0}
  m_LocalScale: {x: 1, y: 1, z: 1}
  m_Children: []
  m_Father: {fileID: 4992941865356774945}
  m_RootOrder: 0
  m_LocalEulerAnglesHint: {x: 0, y: 0, z: 0}
