%YAML 1.1
%TAG !u! tag:unity3d.com,2011:
--- !u!1 &5810235354863432655
GameObject:
  m_ObjectHideFlags: 0
  m_CorrespondingSourceObject: {fileID: 0}
  m_PrefabInstance: {fileID: 0}
  m_PrefabAsset: {fileID: 0}
  serializedVersion: 6
  m_Component:
  - component: {fileID: 5810235354863432652}
  - component: {fileID: 1898923412022740833}
  - component: {fileID: 1708840448172562266}
  m_Layer: 0
  m_Name: ImpactFXDisc specificallyforfireball
  m_TagString: Untagged
  m_Icon: {fileID: 0}
  m_NavMeshLayer: 0
  m_StaticEditorFlags: 0
  m_IsActive: 1
--- !u!4 &5810235354863432652
Transform:
  m_ObjectHideFlags: 0
  m_CorrespondingSourceObject: {fileID: 0}
  m_PrefabInstance: {fileID: 0}
  m_PrefabAsset: {fileID: 0}
  m_GameObject: {fileID: 5810235354863432655}
  m_LocalRotation: {x: 0, y: 0, z: 0, w: 1}
  m_LocalPosition: {x: 0, y: 0, z: 0}
  m_LocalScale: {x: 4, y: 4, z: 4}
  m_Children:
  - {fileID: 6280449142999252293}
  - {fileID: 6280449142957846535}
  m_Father: {fileID: 0}
  m_RootOrder: 0
  m_LocalEulerAnglesHint: {x: 0, y: 0, z: 0}
--- !u!95 &1898923412022740833
Animator:
  serializedVersion: 3
  m_ObjectHideFlags: 0
  m_CorrespondingSourceObject: {fileID: 0}
  m_PrefabInstance: {fileID: 0}
  m_PrefabAsset: {fileID: 0}
  m_GameObject: {fileID: 5810235354863432655}
  m_Enabled: 1
  m_Avatar: {fileID: 0}
  m_Controller: {fileID: 9100000, guid: 2d0edc388f101b442b2e14b433fe8477, type: 2}
  m_CullingMode: 0
  m_UpdateMode: 0
  m_ApplyRootMotion: 0
  m_LinearVelocityBlending: 0
  m_WarningMessage: 
  m_HasTransformHierarchy: 1
  m_AllowConstantClipSamplingOptimization: 1
  m_KeepAnimatorControllerStateOnDisable: 0
--- !u!114 &1708840448172562266
MonoBehaviour:
  m_ObjectHideFlags: 0
  m_CorrespondingSourceObject: {fileID: 0}
  m_PrefabInstance: {fileID: 0}
  m_PrefabAsset: {fileID: 0}
  m_GameObject: {fileID: 5810235354863432655}
  m_Enabled: 1
  m_EditorHideFlags: 0
  m_Script: {fileID: 11500000, guid: 88f3844a8831713459b0cf239c43b047, type: 3}
  m_Name: 
  m_EditorClassIdentifier: 
--- !u!1001 &5810235353333570222
PrefabInstance:
  m_ObjectHideFlags: 0
  serializedVersion: 2
  m_Modification:
    m_TransformParent: {fileID: 5810235354863432652}
    m_Modifications:
    - target: {fileID: -8679921383154817045, guid: 283a84f94c379c1499c1fc2ab96ea40d, type: 3}
      propertyPath: m_LocalPosition.x
      value: 0
      objectReference: {fileID: 0}
    - target: {fileID: -8679921383154817045, guid: 283a84f94c379c1499c1fc2ab96ea40d, type: 3}
      propertyPath: m_LocalPosition.y
      value: 0
      objectReference: {fileID: 0}
    - target: {fileID: -8679921383154817045, guid: 283a84f94c379c1499c1fc2ab96ea40d, type: 3}
      propertyPath: m_LocalPosition.z
      value: -0.488
      objectReference: {fileID: 0}
    - target: {fileID: -8679921383154817045, guid: 283a84f94c379c1499c1fc2ab96ea40d, type: 3}
      propertyPath: m_LocalRotation.x
      value: -0
      objectReference: {fileID: 0}
    - target: {fileID: -8679921383154817045, guid: 283a84f94c379c1499c1fc2ab96ea40d, type: 3}
      propertyPath: m_LocalRotation.y
      value: -0
      objectReference: {fileID: 0}
    - target: {fileID: -8679921383154817045, guid: 283a84f94c379c1499c1fc2ab96ea40d, type: 3}
      propertyPath: m_LocalRotation.z
      value: -0
      objectReference: {fileID: 0}
    - target: {fileID: -8679921383154817045, guid: 283a84f94c379c1499c1fc2ab96ea40d, type: 3}
      propertyPath: m_LocalRotation.w
      value: 1
      objectReference: {fileID: 0}
    - target: {fileID: -8679921383154817045, guid: 283a84f94c379c1499c1fc2ab96ea40d, type: 3}
      propertyPath: m_RootOrder
      value: 0
      objectReference: {fileID: 0}
    - target: {fileID: -8679921383154817045, guid: 283a84f94c379c1499c1fc2ab96ea40d, type: 3}
      propertyPath: m_LocalEulerAnglesHint.x
      value: 0
      objectReference: {fileID: 0}
    - target: {fileID: -8679921383154817045, guid: 283a84f94c379c1499c1fc2ab96ea40d, type: 3}
      propertyPath: m_LocalEulerAnglesHint.y
      value: 0
      objectReference: {fileID: 0}
    - target: {fileID: -8679921383154817045, guid: 283a84f94c379c1499c1fc2ab96ea40d, type: 3}
      propertyPath: m_LocalEulerAnglesHint.z
      value: 0
      objectReference: {fileID: 0}
    - target: {fileID: -8679921383154817045, guid: 283a84f94c379c1499c1fc2ab96ea40d, type: 3}
      propertyPath: m_LocalScale.x
      value: 0.29999998
      objectReference: {fileID: 0}
    - target: {fileID: -8679921383154817045, guid: 283a84f94c379c1499c1fc2ab96ea40d, type: 3}
      propertyPath: m_LocalScale.y
      value: 0.29999998
      objectReference: {fileID: 0}
    - target: {fileID: -8679921383154817045, guid: 283a84f94c379c1499c1fc2ab96ea40d, type: 3}
      propertyPath: m_LocalScale.z
      value: 0.29999998
      objectReference: {fileID: 0}
    - target: {fileID: 919132149155446097, guid: 283a84f94c379c1499c1fc2ab96ea40d, type: 3}
      propertyPath: m_Name
      value: DissipationDisc
      objectReference: {fileID: 0}
    m_RemovedComponents: []
  m_SourcePrefab: {fileID: 100100000, guid: 283a84f94c379c1499c1fc2ab96ea40d, type: 3}
--- !u!4 &6280449142999252293 stripped
Transform:
  m_CorrespondingSourceObject: {fileID: -8679921383154817045, guid: 283a84f94c379c1499c1fc2ab96ea40d, type: 3}
  m_PrefabInstance: {fileID: 5810235353333570222}
  m_PrefabAsset: {fileID: 0}
--- !u!1001 &5810235353408591852
PrefabInstance:
  m_ObjectHideFlags: 0
  serializedVersion: 2
  m_Modification:
    m_TransformParent: {fileID: 5810235354863432652}
    m_Modifications:
    - target: {fileID: -8679921383154817045, guid: 283a84f94c379c1499c1fc2ab96ea40d, type: 3}
      propertyPath: m_LocalPosition.x
      value: 0
      objectReference: {fileID: 0}
    - target: {fileID: -8679921383154817045, guid: 283a84f94c379c1499c1fc2ab96ea40d, type: 3}
      propertyPath: m_LocalPosition.y
      value: 0
      objectReference: {fileID: 0}
    - target: {fileID: -8679921383154817045, guid: 283a84f94c379c1499c1fc2ab96ea40d, type: 3}
      propertyPath: m_LocalPosition.z
      value: -0.488
      objectReference: {fileID: 0}
    - target: {fileID: -8679921383154817045, guid: 283a84f94c379c1499c1fc2ab96ea40d, type: 3}
      propertyPath: m_LocalRotation.x
      value: -0
      objectReference: {fileID: 0}
    - target: {fileID: -8679921383154817045, guid: 283a84f94c379c1499c1fc2ab96ea40d, type: 3}
      propertyPath: m_LocalRotation.y
      value: -0
      objectReference: {fileID: 0}
    - target: {fileID: -8679921383154817045, guid: 283a84f94c379c1499c1fc2ab96ea40d, type: 3}
      propertyPath: m_LocalRotation.z
      value: -0
      objectReference: {fileID: 0}
    - target: {fileID: -8679921383154817045, guid: 283a84f94c379c1499c1fc2ab96ea40d, type: 3}
      propertyPath: m_LocalRotation.w
      value: 1
      objectReference: {fileID: 0}
    - target: {fileID: -8679921383154817045, guid: 283a84f94c379c1499c1fc2ab96ea40d, type: 3}
      propertyPath: m_RootOrder
      value: 1
      objectReference: {fileID: 0}
    - target: {fileID: -8679921383154817045, guid: 283a84f94c379c1499c1fc2ab96ea40d, type: 3}
      propertyPath: m_LocalEulerAnglesHint.x
      value: 0
      objectReference: {fileID: 0}
    - target: {fileID: -8679921383154817045, guid: 283a84f94c379c1499c1fc2ab96ea40d, type: 3}
      propertyPath: m_LocalEulerAnglesHint.y
      value: 0
      objectReference: {fileID: 0}
    - target: {fileID: -8679921383154817045, guid: 283a84f94c379c1499c1fc2ab96ea40d, type: 3}
      propertyPath: m_LocalEulerAnglesHint.z
      value: 0
      objectReference: {fileID: 0}
    - target: {fileID: -8679921383154817045, guid: 283a84f94c379c1499c1fc2ab96ea40d, type: 3}
      propertyPath: m_LocalScale.x
      value: 0.29999998
      objectReference: {fileID: 0}
    - target: {fileID: -8679921383154817045, guid: 283a84f94c379c1499c1fc2ab96ea40d, type: 3}
      propertyPath: m_LocalScale.y
      value: 0.29999998
      objectReference: {fileID: 0}
    - target: {fileID: -8679921383154817045, guid: 283a84f94c379c1499c1fc2ab96ea40d, type: 3}
      propertyPath: m_LocalScale.z
      value: 0.29999998
      objectReference: {fileID: 0}
    - target: {fileID: 919132149155446097, guid: 283a84f94c379c1499c1fc2ab96ea40d, type: 3}
      propertyPath: m_Name
      value: DissipationDisc (1)
      objectReference: {fileID: 0}
    - target: {fileID: 919132149155446097, guid: 283a84f94c379c1499c1fc2ab96ea40d, type: 3}
      propertyPath: m_IsActive
      value: 1
      objectReference: {fileID: 0}
    m_RemovedComponents: []
  m_SourcePrefab: {fileID: 100100000, guid: 283a84f94c379c1499c1fc2ab96ea40d, type: 3}
--- !u!4 &6280449142957846535 stripped
Transform:
  m_CorrespondingSourceObject: {fileID: -8679921383154817045, guid: 283a84f94c379c1499c1fc2ab96ea40d, type: 3}
  m_PrefabInstance: {fileID: 5810235353408591852}
  m_PrefabAsset: {fileID: 0}
